2692 3515
1226 340 1507 380 *XV-

790 457 829 492 εἴ
851 468 931 492 που
959 453 1222 506 ἐσαθρήσειεν
1249 453 1515 510 ἀλώμενον
1542 454 1600 498 ὃν
1627 464 1886 512 παρακοίτην.

344 522 560 575 Adscripsit
586 524 670 564 ille:
699 527 763 572 „R
792 522 1079 578 ἀλωόμενον
1106 535 1362 584 παρακοίτην.
1418 534 1531 574 Certe
1559 529 1603 581 ὅς
1629 548 1701 586 pro
1729 532 1792 582 ἑός
1819 550 1951 576 rarum
1981 544 2039 577 est
2068 539 2107 577 in
2131 538 2190 578 his
2220 543 2381 591 poetisf‘

343 597 462 647 Atqui
490 598 562 638 hoc
588 600 712 649 ipsum
741 603 780 640 in
807 602 844 642 P
870 603 1031 652 legitur!

470 672 677 714 Nonnullos
704 675 805 715 locos
832 676 952 724 addo,
990 679 1126 728 quibus
1162 680 1329 720 Palatini
1367 682 1559 733 scriptura
1585 683 1689 723 facili
1718 685 1871 735 negotio
1899 691 2052 726 mutata
2079 687 2279 729 inferenda
2308 697 2376 730 est.

341 745 401 784 Ita
424 746 506 795 jam
533 747 675 786 dudum
703 749 967 790 intellexeram
996 765 1029 791 v.
1055 754 1103 791 13

781 825 877 874 πρὶν
903 823 1076 875 χαλεπὸν
1104 827 1293 878 πνοιῇσιν
1321 824 1488 878 ἀήμεναι
1516 826 1666 881 ἐχθρὸν
1693 827 1819 882 ἀήτην

339 899 472 934 contra
499 900 735 936 constantem
763 912 849 937 cum
878 900 1039 939 aliorum
1065 905 1148 940 tum
1176 902 1371 952 epicorum
1398 905 1599 952 poetarum
1627 906 1940 946 consuetudinem
1969 908 2136 947 alterum
2161 910 2374 950 substanti-

338 983 427 1007 vum
453 970 597 1009 duobus
624 973 803 1021 epithetis
832 976 982 1013 onerari
1011 975 1177 1014 alterum
1204 976 1308 1014 omni
1335 976 1505 1025 epitheto
1531 977 1696 1017 destitui.
1751 980 1841 1019 Jam
1868 981 2013 1021 dudum
2041 983 2162 1033 igitur
2190 985 2372 1025 emenda-

338 1044 427 1083 bam
457 1048 676 1094 χαλεπαῑς
705 1046 905 1097 πνοιῇσιν,
933 1054 1142 1098 antequam
1169 1049 1208 1086 in
1236 1048 1272 1087 P
1300 1053 1404 1087 certe
1431 1050 1640 1100 χαλεπῆισϊ
1664 1053 1850 1103 πνοιῇσιν
1878 1055 1953 1105 legi
1980 1069 2214 1107 cognossem.

464 1119 506 1157 V.
535 1119 585 1157 53
614 1133 683 1169 pro
711 1120 864 1171 volgato

777 1190 826 1232 οὐ
854 1192 975 1233 τόσον
1003 1191 1252 1233 ἀθανάτων
1281 1191 1471 1246 ἀγέμεν
1499 1194 1720 1237 σπεύδουσι
1749 1198 1904 1251 θυηλάς

329 1268 413 1316 jam
439 1267 581 1305 dudum
609 1267 797 1305 Wernick.
825 1269 875 1306 ad
903 1269 1108 1318 Tryphiod.
1137 1283 1174 1318 p.
1202 1270 1281 1307 373
1308 1275 1467 1319 propter
1495 1284 1695 1311 caesuram
1723 1275 1958 1314 trochaicam
1995 1278 2053 1316 his
2093 1282 2216 1328 poetis
2253 1282 2366 1320 fami-

333 1343 577 1382 liarissimam
606 1366 654 1370 —
683 1356 798 1392 quam
817 1345 955 1393 quibus
974 1344 1162 1383 machinis
1198 1346 1340 1394 ubique
1368 1347 1601 1395 quaesiverit
1620 1348 1795 1395 Quintus,
1824 1350 1863 1387 in
1891 1351 2060 1401 prolegg.
2088 1367 2124 1402 p.
2153 1355 2299 1394 XXXII
2311 1370 2366 1406 sq.

333 1416 588 1456 demonstravi
616 1441 665 1445 —
693 1430 739 1456 ex
777 1417 963 1457 vossiano
1000 1417 1161 1469 aliisque
1189 1423 1354 1469 quatuor
1381 1419 1572 1461 codicibus
1601 1416 1920 1464 ἀθανάτοισιν
1948 1421 2091 1475 ἄγειν
2119 1430 2367 1478 praetulerat.

332 1491 486 1531 Partem
515 1491 594 1529 veri
622 1491 722 1530 vitiis
750 1491 912 1530 mixtam
939 1490 1055 1531 affert
1082 1491 1119 1531 P
1145 1491 1217 1531 hoc
1245 1492 1378 1532 modo:

766 1560 815 1601 οὐ
844 1561 966 1601 τόσον
994 1560 1238 1603 ἀθανάτων
1266 1562 1413 1615 ἄγειν
1441 1565 1689 1606 σπεύδουσιν
1718 1568 1901 1619 ἑοριτὰσ
1930 1573 2033 1623 (sic).

455 1639 616 1676 Versum
648 1640 722 1676 174
749 1639 1039 1689 hypermetrum
1065 1641 1260 1679 inferendo
1289 1642 1388 1691 ποτέ
1412 1643 1567 1681 exhibet
1594 1644 1651 1682 P:

771 1714 885 1760 ξεῖνε,
914 1720 1015 1759 τεοῖς
1035 1713 1191 1752 ἐπέεσσι
1219 1711 1298 1765 τάχ’
1319 1711 1370 1753 ἄν
1398 1729 1515 1754 ποτε
1542 1716 1607 1755 καὶ
1636 1717 1783 1768 πέτρον
1811 1715 1978 1771 ὀρίναις,

328 1785 427 1824 unde
454 1786 655 1835 suspiceris
683 1786 883 1825 Musaeum
909 1787 1071 1826 fortasse
1098 1788 1160 1826 hic
1188 1789 1342 1838 quidem
1369 1790 1565 1842 dactylum
1594 1787 1646 1830 ἄν
1675 1806 1797 1832 ποτε
1827 1795 1993 1845 spondeo
2021 1791 2073 1835 ἄν
2095 1801 2185 1837 καί
2207 1805 2367 1850 praetu-

327 1859 427 1898 lisse.
455 1858 528 1898 Sed
552 1859 599 1898 de
627 1873 672 1898 ea
699 1873 741 1898 re
769 1860 934 1910 amplius
962 1862 1232 1910 quaerendum.
1890 1866 1892 1868 ’

454 1932 499 1972 V.
526 1933 600 1972 257
629 1947 676 1973 ex
704 1933 870 1973 Palatini
898 1935 1116 1984 corruptela
1142 1937 1424 1977 restituendum
1452 1953 1534 1979 esse

766 2008 1069 2056 λεπταλεάις
1096 2005 1282 2062 αὕρῃσιν,
1311 2006 1415 2053 ὅθεν
1443 2011 1655 2055 πνεύσειεν
1683 2012 1815 2067 ἀήτης,

767 2077 890 2134 φάρεϊ
914 2079 1080 2123 πολλάκι
1106 2080 1258 2136 λύχνον
1286 2083 1505 2129 ἕπε’σκεπεν

321 2155 407 2208 Jam
434 2167 549 2207 supra
575 2168 610 2207 p.
626 2154 727 2195 VIII.
756 2155 927 2196 indicavi.
955 2156 1038 2197 Hoc
1058 2157 1205 2209 volgari
1233 2160 1447 2212 scripturae
1469 2162 1750 2216 λευγαλέῃς
1770 2160 1946 2218 αὕρῃσιν
1974 2167 2137 2208 multum
2157 2176 2360 2221 praestare

325 2230 437 2270 facile
464 2231 711 2282 perspicitur:
744 2244 865 2281 neque
893 2232 993 2270 enim
1020 2231 1066 2270 de
1094 2234 1294 2274 mortifera
1310 2237 1489 2286 procella,
1517 2238 1583 2276 sed
1611 2238 1657 2277 de
1686 2240 1793 2278 tenui
1820 2242 1924 2281 venti
1952 2255 2049 2282 aura
2068 2257 2219 2295 semper
2239 2249 2359 2288 maris

325 2304 565 2355 superficiem
592 2304 728 2343 leviter
755 2305 924 2355 agitante
952 2318 1075 2344 sermo
1103 2310 1172 2346 est.

453 2378 497 2416 V.
526 2379 603 2417 272
631 2373 684 2425 ὥς
711 2374 736 2429 ἣ
762 2378 835 2429 μὲν
862 2375 966 2417 ταῦτ’
996 2376 1106 2417 εἶπεν
1127 2380 1265 2419 horum
1300 2385 1502 2431 poetarum
1538 2386 1624 2423 usui
1661 2389 1900 2427 contrarium
1928 2390 2247 2442 scribendumque
2277 2408 2358 2434 esse

324 2447 409 2491 τάδ’
438 2453 613 2491 ἔειπεν
647 2453 836 2492 intellexit
870 2453 1057 2492 Wernick.
1091 2453 1140 2492 ad
1175 2454 1378 2506 Tryphiod.
1407 2470 1443 2508 p.
1473 2459 1534 2496 39.
1563 2458 1679 2498 Codd.
1709 2461 1922 2502 Vaticanus
1950 2469 1989 2504 et
2017 2465 2188 2506 venetus
2216 2468 2358 2509 habere

323 2526 502 2566 dicuntur
529 2522 579 2566 τὰ
605 2526 653 2567 δέ
676 2527 798 2578 (sinz),
825 2528 861 2567 P
889 2533 991 2567 certe
1018 2528 1179 2568 alteram
1206 2531 1287 2569 veri
1314 2535 1465 2580 partem
1492 2532 1611 2572 habet
1638 2535 1661 2572 ἔ
1668 2548 1710 2573 ει
1722 2549 1809 2574 πεν.

449 2600 530 2642 Nec
556 2602 844 2642 vexatissimum
871 2602 994 2643 locum
1019 2615 1052 2642 v.
1081 2602 1155 2642 297
1185 2603 1296 2654 volgo
1324 2604 1378 2644 sic
1406 2606 1593 2657 scriptum

766 2671 842 2726 ἤδη
870 2676 949 2727 νῆα
974 2675 1165 2727 μέλαιναν
1193 2672 1454 2717 ἀπέκλασε
1484 2678 1647 2731 ὁιχθάδι
1673 2682 1803 2736 χέρσῳ

322 2761 479 2799 prorsus
507 2747 682 2789 destituit
717 2750 754 2789 P
782 2763 869 2790 cum
904 2751 1022 2802 Regio
1059 2751 1102 2804 (i.
1131 2764 1162 2790 e.
1190 2765 1266 2791 uno
1301 2766 1349 2791 ex
1375 2753 1673 2806 Parisiensibus)
1709 2758 1899 2807 praebens
1938 2760 2218 2812 ἐπέκλυσε,
2257 2766 2358 2806 unde

322 2819 564 2872 ἐφέλκυσε
586 2822 669 2874 jam
705 2823 911 2872 Dorvillio‚
939 2825 1004 2876 qui
1031 2819 1254 2865 ἀνέλκυσε
1281 2827 1501 2877 proposuit,
1534 2828 1732 2871 inventum
1770 2833 2011 2875 scribendum
2048 2850 2130 2877 esse
2168 2840 2253 2889 quis
2282 2852 2358 2880 non

321 2895 452 2935 videt?
480 2897 555 2936 Alii
584 2893 772 2949 ἀπῴκισε.Λ
801 2893 993 2939 ἀπέκλεσε
1021 2900 1146 2951 (sict),
1174 2896 1354 2952 ἀπήλασε
1379 2906 1580 2943 tentarunt
1608 2906 1713 2945 aliud
1741 2907 1817 2947 alio
1844 2909 1963 2960 pejus.
