2692 3515
1198 334 1503 375 -ΧΧῙ-

326 451 406 491 270
433 444 536 502 ὀδμή
563 445 609 490 δ’.
637 450 715 491 275
730 446 906 506 ”Ηρην]
934 448 1037 503 ἱρήν,
1066 453 1145 493 276
1172 455 1376 506 ἔστραπτε.
1405 454 1482 494 277
1513 449 1772 505 ἐπευφήμησε
1799 466 1848 493 ex
1875 467 1908 492 v.
1936 452 2015 493 275
2041 455 2260 505 repetitum.
2289 454 2369 495 279

327 521 680 576 τελεσσεγάμοισιν.
709 527 785 567 287
801 525 1062 579 καθελκέμεν,
1089 528 1191 579 quod
1207 541 1300 569 cave
1317 528 1478 581 probes:
1506 528 1573 568 cfr.
1589 542 1623 569 v.
1644 529 1733 568 231.
1779 528 1859 568 290
1879 524 2018 580 δαρὸν.
2046 529 2121 568 291
2141 523 2368 569 ἄπώναντο.

324 602 404 642 292
433 597 614 652 ἐλήλυθε.
669 602 746 642 293
774 598 1194 653 πολυστροφάλαγγας.
1249 603 1328 643 294
1344 599 1500 653 βένθειί
1521 627 1566 631 -
1588 598 1695 654 ὑγρὰ
1721 603 1907 654 θέμεθλα
1945 616 2033 642 cum
2068 604 2232 642 caeteris
2257 603 2368 643 libris

326 679 442 723 recte,
471 674 572 727 quod
598 675 697 716 male
723 679 1039 718 attrectaverunt.
1080 678 1157 718 298
1186 673 1379 717 ἇπϋστον.
1416 678 1495 718 299
1522 673 1731 730 κατήρυκε.
1781 678 1859 718 303
1887 674 2020 729 ὤφελε
2038 700 2085 706 -
2101 671 2158 716 ‘H
2161 691 2185 729 ρ
2196 673 2242 731 αἱ]
2272 671 2366 729 ὥρη.

324 751 403 790 309
431 746 704 799 ἀκοντίζοντας
731 746 862 802 ἀήτας.
891 753 966 792 311
997 751 1215 804 Λέανδρος.
1242 752 1322 791 314
1339 754 1531 804 μίσγεται,
1560 753 1628 792 sed
1655 767 1697 792 αι
1723 766 1841 792 manu
1861 751 2031 793 secunda
2045 755 2239 792 mutatum
2267 752 2307 791 in
2334 765 2367 791 0.

325 826 401 864 317
429 822 742 877 ἐρισμαράγδοιο.
772 826 848 866 318
876 823 1103 878 αἰνοπαθής
1131 827 1187 866 δε.
1216 826 1294 865 319
1322 829 1561 878 θαλασσίην.
1590 828 1669 867 320
1696 823 1952 867 ποσειδάονα.
1981 827 2060 867 323
2089 822 2299 866 πάντοθεν
2318 822 2365 866 δ’.

324 900 402 939 325
430 895 641 939 ἀδύνατον.
670 901 748 940 326
775 897 900 951 πολλή
928 895 976 940 δ’.
1014 902 1090 941 327
1119 897 1284 940 πόντον.
1322 901 1397 939 331
1428 898 1774 941 πολυκλαύστοισι.
1814 903 1892 941 332
1920 897 2089 952 ἤλυθεν,
2119 901 2222 951 quod
2249 913 2367 953 asyn-

324 975 441 1015 deton
466 974 528 1015 hie
544 974 698 1026 quidem
725 974 877 1015 defendi
903 979 1041 1026 potest.
1070 976 1149 1015 333
1177 971 1514 1028 πάντοθε-έπ’]
1544 974 1593 1022 ἐς.
1623 976 1700 1015 335
1727 976 1913 1028 κρηπίδα.
1944 976 2022 1015 336
2051 970 2117 1014 ὅτε
2145 971 2180 1014 δ’
2208 976 2363 1026 ἔδρακε.

325 1049 402 1089 338
439 1044 693 1101 ἄπηλιβοὲτου.
749 1049 827 1089 339
860 1050 938 1089 καδ
956 1073 1001 1077 -
1016 1048 1190 1100 τέθνηκε
1218 1044 1319 1099 σὺν,
1355 1048 1458 1099 quod
1489 1049 1592 1089 haud
1628 1050 1706 1090 seio
1732 1063 1782 1090 an
1808 1050 2104 1101 praeferendum
2133 1050 2184 1089 sit
2209 1049 2365 1101 volgato

324 1123 521 1173 τέθνηκεν
548 1119 605 1162 ἐπ’
634 1119 839 1175 ὀλλυμένῳ
867 1125 1102 1175 παρακοίτῃ,
1129 1122 1232 1173 quod
1260 1134 1352 1161 sane
1379 1121 1566 1160 similibus
1594 1122 1687 1162 loeis
1714 1123 1939 1163 defenditur.
1968 1122 2043 1163 Sed
2070 1123 2106 1163 h.
2136 1123 2159 1163 l.
2188 1137 2264 1164 non
2283 1127 2367 1163 tam

324 1197 372 1237 de
398 1198 524 1237 Herus
550 1199 723 1249 positura
751 1211 866 1249 super
902 1197 1088 1237 amatoris
1124 1209 1284 1247 corpore
1322 1196 1555 1246 exspirantis
1592 1209 1709 1246 quam
1745 1197 1793 1236 de
1829 1210 1904 1236 uno
1941 1198 2149 1249 eodemque
2177 1199 2364 1249 temporis

324 1276 526 1319 momento,
555 1284 630 1322 quo
657 1271 770 1312 ambo
797 1275 972 1311 amantes
1000 1269 1114 1310 simul
1138 1270 1338 1321 perierint,
1366 1282 1492 1309 sermo
1519 1282 1603 1309 esse
1630 1270 1792 1310 videtur.

450 1344 550 1385 Satis
573 1345 729 1396 longum
755 1345 861 1385 vides
889 1357 913 1384 a
941 1344 1068 1384 scriba
1103 1347 1235 1383 nostro
1271 1347 1519 1394 peccatorum
1555 1343 1720 1383 indicem
1755 1343 2020 1395 neglegentiae
2059 1358 2149 1385 sane
2185 1350 2225 1385 et
2250 1346 2361 1397 igno-

325 1420 473 1458 rantiae
501 1423 651 1465 testem,
678 1418 746 1458 sed
772 1419 891 1457 etiam
918 1417 1009 1456 fidei
1036 1418 1145 1457 bonis
1173 1417 1259 1469 ejus
1286 1418 1488 1469 scripturis
1516 1417 1718 1457 habendae
1745 1418 1893 1457 vadem.

450 1492 525 1533 Sed
551 1492 646 1531 haec
673 1493 766 1531 satis
793 1496 917 1531 sunto.
944 1492 1036 1532 Jam
1062 1492 1102 1530 in
1128 1492 1383 1543 proponendis
1411 1492 1571 1531 variis
1601 1491 1916 1531 lectionibus
1944 1504 2074 1544 pergo.
2112 1493 2168 1533 Ac
2195 1494 2362 1544 primum

323 1568 479 1621 quidem
505 1569 545 1608 in
571 1568 653 1619 ipso
679 1568 881 1608 Musaeo
918 1581 952 1607 v,
983 1566 1059 1607 125
1088 1566 1190 1618 quod
1216 1566 1325 1617 volgo
1361 1566 1502 1618 legitur
1538 1561 1664 1617 ἄλλην
1701 1566 1822 1618 δεῦρο
1860 1565 2061 1607 κέλευθον
2092 1581 2205 1607 sensu
2232 1581 2364 1608 carere

322 1657 433 1684 nemo
460 1657 535 1684 non
562 1643 674 1684 videt.
728 1643 838 1683 Alius
874 1642 1038 1683 fortasse
1074 1642 1122 1682 de
1158 1642 1296 1682 lacuna
1332 1641 1394 1681 hic
1431 1654 1582 1693 quoque
1620 1642 1869 1692 cogitaverit3
1907 1643 2003 1682 mihi
2040 1656 2131 1683 vero
2163 1645 2279 1694 poeta
2315 1657 2365 1683 ex

321 1719 357 1758 N
386 1719 462 1758 784
489 1722 529 1758 et
556 1718 580 1757 ὃ
606 1718 684 1757 274
712 1718 910 1768 scripsisse
936 1717 1088 1757 videtur
1123 1712 1251 1767 ἄλλην
1279 1715 1401 1763 δεῦρο
1429 1715 1700 1765 κέλευσον,
1740 1715 1842 1765 quod
1879 1717 2034 1767 egregie
2072 1717 2200 1756 verbis
2230 1718 2364 1757 statim

321 1792 567 1843 sequentibus
595 1790 903 1831 commendatur:

1044 1859 1140 1916 ἐμὸν
1166 1858 1201 1902 δ’
1230 1858 1419 1903 ἀπόλειπε
1448 1862 1611 1915 χιτῶνα,

762 1938 885 1990 μῆνιν
912 1936 1021 1989 ἐμῶν
1048 1933 1296 1976 ἀπόλειπε
1324 1933 1611 1977 πολυκτεάνων
1638 1934 1879 1989 γενετήρων,

323 2014 388 2054 ubi
405 2013 527 2053 altero
543 2027 655 2053 versu
667 2026 737 2065 pro
751 2013 904 2064 volgato
923 2007 1087 2051 ἆπόειπε
1106 2012 1359 2063 repetendum
1386 2025 1469 2051 esse
1498 2007 1724 2052 ἆπόλειπε
1734 2012 1817 2062 jam
1836 2012 1926 2051 olim
1944 2012 1983 2051 in
2003 2013 2114 2063 conj
2127 2015 2362 2054 ectaneis

322 2102 357 2129 a.
385 2086 766 2128 MDCCCXXXVHI.
794 2087 844 2127 ad
870 2087 1137 2126 Hermannum
1162 2086 1290 2125 missis
1317 2100 1354 2137 p.
1384 2086 1435 2125 52
1464 2086 1604 2126 collato
1641 2086 1834 2125 simillimo
1870 2086 2038 2136 Oppiani
2074 2086 2158 2126 loeo
2186 2088 2359 2129 Halieut.

318 2163 388 2210 ΠΙ,
415 2162 493 2203 514
519 2161 670 2210 ψαῦσαι
696 2159 769 2213 μὲν
796 2159 951 2212 τρομέει
976 2156 1123 2213 μητρὸς
1150 2155 1270 2212 χόλον
1297 2159 1418 2200 docui.

446 2237 543 2276 Tum
570 2250 603 2275 v.
633 2235 709 2275 159
738 2232 1019 2287 παραπλάγξας
1046 2233 1125 2274 ἐνὶ
1151 2230 1300 2285 μύθοις
1328 2247 1352 2273 a
1379 2236 1580 2286 poetarum
1609 2234 1870 2273 Nonnicorum
1896 2248 1970 2273 usu
1988 2234 2183 2282 abhorret,
2212 2249 2260 2276 ex
2282 2250 2359 2288 quo

318 2312 371 2352 ἕο
397 2308 544 2363 μύθοις
564 2311 744 2351 Musaeus
772 2323 920 2362 quoque
946 2313 1140 2361 posuerat.

447 2385 614 2426 Multum
640 2385 793 2425 vexavit
817 2385 1045 2435 interpretes
1072 2397 1105 2422 v.
1134 2383 1212 2423 225

762 2457 1007 2509 παννυχίδας
1033 2450 1068 2497 δ’
1094 2451 1392 2502 ἀνύσαντες
1419 2450 1648 2507 ἆκοιμήτων
1675 2452 1881 2509 ὑμεναίων

763 2528 944 2585 ἀλλήλων
970 2527 1155 2580 ἀέκοντες
1183 2529 1491 2582 ἐνοσφίσθησαν
1520 2526 1690 2585 ἀνάγκῃ,

318 2610 384 2661 qui
411 2609 443 2647 si
470 2620 584 2647 sanus
605 2611 717 2655 esset,
745 2606 933 2646 indicaret
950 2607 1128 2654 breviter,
1156 2605 1258 2658 quod
1277 2618 1365 2645 cum
1383 2608 1464 2646 toto
1482 2606 1716 2646 narrationis
1730 2610 1865 2647 tenore
1884 2610 2044 2660 pugnat,
2068 2606 2152 2660 Jam
2174 2610 2258 2647 tum
2276 2607 2358 2659 pri-

316 2697 423 2723 mum
440 2684 481 2722 in
506 2682 652 2732 templo
679 2682 965 2732 congredientes
982 2681 1143 2720 Veneris
1161 2680 1311 2731 gaudiis
1329 2684 1503 2720 amantes
1523 2694 1607 2720 sese
1626 2681 1786 2720 dedisse.
1815 2682 2047 2728 Falleretur,
2076 2682 2109 2720 si
2132 2682 2217 2732 quis
2235 2680 2358 2721 futuri

315 2757 519 2809 participio
545 2751 834 2803 ἆνύσοντες
855 2755 1027 2807 ponendo
1053 2758 1191 2807 poetae
1226 2768 1385 2795 manum
1419 2755 1633 2795 restituisse
1671 2756 1744 2795 sibi
1780 2756 1985 2796 videretur.
2040 2756 2161 2803 Quale
2196 2756 2356 2796 verbum

315 2832 547 2884 requiratur,
574 2845 621 2873 ex
648 2846 681 2871 v.
707 2832 783 2872 221
812 2830 959 2882 prodit:

761 2898 814 2952 ὣς
842 2907 883 2945 οἳ
906 2902 980 2957 μὲν
1006 2906 1211 2957 κρυφίοισι
1237 2900 1375 2955 γάμοις
1401 2904 1695 2944 συνέθεντο
1722 2904 1893 2956 μιγῆναι.
