2692 3515
1190 307 1472 347 —VH—

306 424 508 465 collatione
536 425 764 464 invenissem
791 437 867 464 non
894 424 1017 464 solum
1044 424 1189 475 aliquot
1215 425 1322 465 bonis
1350 424 1575 465 lectionibus
1603 425 1748 476 partim
1767 424 1908 474 ignotis
1928 424 2117 464 excellere
2147 423 2214 463 sed
2232 424 2352 464 etiam

305 499 401 539 duos
435 500 605 550 integros
633 513 763 539 versus
791 513 815 539 a
841 500 992 538 nemine
1019 499 1110 539 dum
1136 505 1203 540 aut
1229 504 1423 551 respectos
1459 504 1528 539 aut
1554 504 1729 550 receptos
1758 498 1897 539 offerre
1926 499 2156 549 omninoque
2188 499 2346 539 Musaeo

306 573 538 614 recensendo
573 572 678 613 haud
704 573 1020 614 contemnendum
1046 574 1229 626 praebere
1248 575 1558 623 instrumentum,
1586 575 1669 626 ejus
1697 573 1838 614 codicis
1875 587 1948 625 ope
1977 573 2009 613 si
2047 573 2228 613 carminis
2247 573 2349 614 illius

306 647 435 696 verba,
464 648 595 699 qualia
613 660 637 687 a
651 648 866 696 novissimo,
893 650 959 700 qui
977 649 1129 700 quidem
1146 650 1186 689 in
1205 662 1361 689 censum
1387 650 1517 690 venire
1532 653 1672 701 potest,
1701 647 1849 688 editore
1868 648 1900 688 F
1909 648 2083 688 rancis
2094 660 2148 688 co
2175 648 2240 688 Pa
2251 661 2268 688 s
2279 660 2349 688 so-

306 723 384 761 vio
402 727 492 761 ante
511 723 580 761 hos
600 722 677 760 LV.
699 735 817 760 annos
837 724 1042 762 constituta
1057 729 1156 771 sunt,
1175 725 1299 764 denuo
1316 726 1357 763 in
1375 737 1537 763 examen
1556 736 1745 770 vocarem,
1765 728 1921 774 gratum
1940 736 2016 762 non
2036 723 2160 762 solum
2175 723 2349 762 Graecae

305 799 463 846 poeseos
491 796 727 836 amatoribus
756 797 820 836 sed
848 798 964 837 etiam
1000 800 1162 838 caeteris
1198 800 1312 849 hujus
1349 803 1555 838 conventus
1594 799 1705 837 sociis
1743 798 1783 836 id
1819 811 1880 836 me
1917 797 2113 836 facturum
2149 799 2348 847 putabam.

307 868 471 911 Carmen
498 871 624 922 ipsum
651 872 751 911 enim
780 886 1011 923 quamquam
1039 887 1063 912 a
1090 873 1232 912 saeculi
1260 873 1362 912 vitiis
1394 877 1512 922 atque
1531 872 1635 911 inani
1652 872 1877 911 Nonnianae
1897 871 2051 911 scholae
2071 877 2222 911 tumore
2243 871 2347 911 haud

308 945 473 985 liberum
501 945 758 985 dulcissimum
786 950 917 986 tamen
944 947 1121 998 vivosque
1141 946 1401 986 ardentissimi
1428 945 1571 984 amoris
1598 943 1745 984 furores
1775 945 1926 996 spirans
1946 933 2126 984 ultimam
2155 945 2346 985 emorien-

304 1020 355 1058 tis
383 1020 617 1059 Graecarum
645 1021 860 1059 litterarum
888 1022 990 1059 horti
1009 1035 1136 1060 rosam
1154 1020 1259 1059 haud
1278 1021 1407 1068 inepte
1434 1019 1590 1064 dixeris,
1615 1032 1738 1068 neque
1765 1020 1804 1057 id
1832 1019 2142 1057 Schillerum
2171 1025 2347 1057 nostrum

305 1095 419 1133 latuit
446 1109 596 1144 semper
624 1095 663 1140 ἐς
691 1094 735 1133 τὸ
764 1091 887 1134 καλὸν
915 1095 958 1134 ἐκ
985 1095 1059 1133 τοῦ
1086 1096 1211 1134 καλοῦ
1239 1094 1418 1143 ἐνεγκεῖν
1447 1094 1624 1139 solitum,
1661 1107 1748 1131 cum
1776 1094 1967 1132 Graecum
1994 1094 2129 1133 florem
2158 1109 2233 1134 non
2262 1100 2345 1133 tam

304 1169 529 1220 decerperet
555 1169 793 1220 depingendo
820 1169 1049 1209 imitandum
1076 1183 1193 1219 quam
1221 1169 1331 1219 quasi
1359 1181 1447 1207 cum
1473 1167 1567 1217 ipsis
1609 1166 1791 1205 radiculis
1833 1173 2053 1218 exemptum
2090 1169 2344 1208 Germanicae

303 1246 460 1295 po‘eseos
487 1256 600 1284 areae
627 1244 822 1284 insereret.
853 1244 1055 1284 Passovius
1079 1246 1222 1289 autem,
1251 1242 1359 1293 cujus
1387 1241 1558 1281 recensio
1586 1241 1626 1280 in
1653 1240 1882 1281 editionibus
1910 1246 1997 1292 post
2024 1254 2112 1281 eum
2138 1242 2343 1293 publicatis

303 1319 541 1369 paucissimis
560 1319 717 1357 mutatis
736 1319 902 1369 repetita
920 1321 990 1364 est,
1019 1316 1237 1356 doctissime
1257 1316 1412 1366 quidem
1432 1319 1471 1355 et
1489 1315 1537 1354 de
1561 1314 1797 1355 nobilissimo
1815 1314 1880 1355 illo
1899 1315 2056 1355 Musaeo
2074 1317 2202 1356 Attico
2230 1322 2270 1357 et
2296 1317 2343 1357 de

304 1393 465 1431 caeteris
479 1392 650 1442 ejusdem
668 1394 828 1432 nominis
847 1392 1019 1431 obscuris
1037 1390 1254 1429 hominibus
1269 1391 1460 1436 disseruit,
1476 1390 1603 1439 ipsum
1617 1390 1735 1427 etiam
1750 1402 1906 1428 carmen
1925 1389 2122 1440 eleganter
2136 1391 2342 1430 vernacula

303 1467 619 1516 interpretatione
647 1467 846 1516 expressit,
873 1465 1025 1515 singula
1052 1469 1184 1503 tamen
1210 1464 1329 1502 verba
1356 1477 1426 1502 nec
1454 1467 1676 1502 constanter
1694 1476 1765 1502 nec
1793 1464 1887 1502 satis
1915 1465 2039 1514 perite
2059 1465 2261 1511 recensuit,
2289 1466 2346 1504 ita

303 1545 347 1579 ut
373 1553 443 1579 nec
469 1541 714 1591 antiquarum
742 1541 951 1580 editionum
979 1539 1149 1578 subsidia
1175 1540 1399 1578 exhauriret
1426 1551 1496 1577 nec
1524 1538 1664 1577 codicis
1694 1539 1862 1578 Gothani
1886 1539 2086 1589 cujusdam
2106 1539 2344 1587 lectionibus,

303 1627 400 1666 quas
426 1628 462 1666 p.
489 1615 562 1654 166
574 1628 628 1666 sq.
657 1619 858 1667 excerptas
886 1614 1003 1661 dedit,
1031 1614 1097 1654 ubi
1125 1613 1291 1654 debebat
1317 1617 1503 1653 uteretur.
1546 1613 1619 1653 Est
1645 1613 1708 1653 ille
1738 1627 1829 1653 sane
1858 1612 2072 1661 mediocriS,
2101 1613 2168 1653 sed
2192 1618 2348 1665 poterat

301 1693 433 1728 tamen
459 1702 506 1727 ex
533 1702 589 1736 eo,
616 1689 693 1728 alia
720 1694 764 1728 ut
790 1689 942 1728 silentio
970 1689 1244 1734 transmittam,
1273 1701 1306 1726 v.
1328 1688 1380 1726 56
1409 1690 1628 1738 χαρίεσσαν
1656 1702 1688 1726 v.
1718 1688 1769 1726 95
1797 1680 1943 1733 κάλλοςι
1966 1701 1999 1725 v.
2031 1688 2106 1725 193
2134 1684 2348 1738 ἦνεμόφω·

303 1776 372 1809 νος
399 1764 598 1802 Passovius
622 1764 804 1814 recipere.

428 1838 550 1877 Multo
568 1838 703 1877 melior
723 1843 794 1884 est,
821 1851 1055 1888 quamquam
1073 1851 1148 1877 non
1166 1838 1330 1877 multum
1348 1839 1474 1888 primo
1492 1837 1619 1878 fronte
1637 1840 1841 1889 promittit,
1870 1838 1983 1884 „cod
1994 1851 2050 1876 ex
2070 1839 2121 1876 43
2141 1838 2172 1876 P
2182 1838 2265 1877 ala
2276 1840 2345 1877 ti—

303 1915 414 1950 nus“
442 1911 678 1958 chartaceus,
706 1912 771 1961 qui
791 1911 941 1951 saeculo
960 1912 1094 1961 quinto
1114 1911 1262 1951 decimo
1281 1911 1417 1951 eadem
1435 1912 1647 1962 Neograeci
1667 1911 1867 1962 cujusdam
1886 1925 2002 1951 manu
2022 1911 2144 1951 solitis
2164 1911 2344 1952 ductibus

303 1988 483 2024 exaratus
519 1986 619 2023 inter
655 1985 907 2024 Theodori
940 1985 1203 2024 Prodromi
1230 1986 1403 2024 carmina
1440 1986 1594 2035 aliaque
1632 1986 1728 2025 varii
1764 1985 1981 2036 argumenti
2019 1986 2217 2035 scripta*)
2255 1991 2344 2036 post

303 2058 830 2111 Pseudophocylidea‚
867 2071 966 2109 quae
1005 2059 1352 2098 Φωκυλλίδου
1390 2059 1503 2111 (sici)
1539 2055 1745 2109 πόιησις
1781 2055 2040 2109 ὠφέλιμος
2067 2059 2341 2106 inscribuntur,

302 2132 390 2170 inde
429 2145 453 2170 a
480 2132 541 2170 fol.
579 2133 657 2170 85³
699 2146 818 2182 usque
855 2133 905 2170 ad
941 2132 1110 2171 f01.88b
1153 2135 1436 2171 Μουσαίου
1472 2132 1834 2184 γραμματικοῦ
1869 2129 1927 2171 τὰ
1963 2129 2074 2172 καθ’
2097 2128 2221 2182 Ἡρῶ
2257 2133 2342 2172 καὶ

303 2205 476 2245 Λέανό
487 2220 544 2254 ρο
557 2221 581 2245 ν
609 2208 787 2246 continet.
840 2207 897 2245 Eo
926 2208 1226 2256 praestantiores
1265 2208 1385 2246 libros
1421 2208 1580 2246 inveniri
1615 2220 1727 2256 posse
1765 2220 1840 2245 non
1876 2208 2029 2252 dubito,
2068 2209 2264 2246 inventum
2293 2208 2341 2246 iri

301 2294 426 2333 spero,
439 2282 607 2321 omnium
621 2285 762 2329 autem,
778 2284 962 2332 quotquot
971 2281 1118 2321 Musaei
1136 2281 1285 2321 codices
1303 2281 1428 2321 adhuc
1438 2282 1749 2321 innotuerunt—
1760 2281 1892 2333 plures
1911 2285 2043 2321 autem
2062 2283 2282 2322 etiamnunc
2301 2283 2341 2322 in

301 2356 621 2396 bibliothecarum
646 2356 804 2396 latebris
831 2356 1051 2396 delitescere
1070 2356 1247 2395 videntur
1261 2380 1325 2402 —,
1354 2369 1440 2394 cum
1467 2356 1598 2395 nullus
1625 2356 1718 2395 dum
1746 2370 1804 2403 ea,
1833 2369 1912 2407 qua
1938 2370 2011 2408 par
2038 2361 2110 2404 est,
2138 2357 2341 2408 diligentia

301 2430 463 2470 collatus
491 2431 553 2478 sit,
580 2443 698 2470 novae
717 2431 864 2470 Musaei
887 2430 1112 2469 recensionis
1130 2430 1297 2480 primum
1315 2429 1607 2469 fundamentum
1622 2431 1763 2480 jecisse
1783 2431 1878 2470 mihi
1897 2431 2039 2478 videor,
2069 2432 2101 2470 si
2121 2431 2341 2471 Palatinum

301 2508 476 2545 nostrum
502 2518 618 2555 quam
643 2505 928 2545 accuratissime
954 2504 1245 2556 perlustravero.
1298 2502 1344 2543 Id
1366 2503 1450 2554 jam
1476 2503 1657 2554 agamusl

429 2578 484 2618 Ut
510 2580 628 2629 igitur
654 2592 679 2618 a
706 2580 924 2619 minimis
952 2579 1063 2618 rebus
1090 2582 1135 2617 ut
1159 2578 1317 2617 minime
1343 2577 1589 2628 neglegendis
1615 2580 1673 2619 ita
1700 2592 1777 2619 non
1804 2581 1917 2627 tanti,
1955 2581 2095 2631 quanti
2120 2580 2232 2620 hodie
2260 2580 2340 2621 sere

301 2652 446 2700 solent,
482 2654 730 2693 aestimandis
765 2654 917 2694 initium
952 2653 1156 2700 faciamus,
1193 2652 1361 2703 primum
1397 2651 1501 2702 leges
1528 2653 1730 2694 nonnullas
1758 2667 1783 2694 a
1810 2654 1947 2695 Nonno
1974 2656 2194 2706 propositas
2222 2656 2341 2695 etiam

300 2726 405 2778 apud
431 2726 632 2766 Musaeum
659 2727 786 2767 valere
814 2740 835 2768 e
862 2727 990 2768 codice
1016 2730 1135 2779 patet.
1189 2727 1252 2766 Ita
1278 2738 1366 2765 cum
1392 2725 1459 2767 illo
1486 2732 1622 2769 contra
1648 2729 1821 2780 priorum
1857 2729 2054 2782 epicorum
2082 2742 2195 2769 usum
2223 2730 2340 2770 etiam

429 2833 459 2875 *J
483 2832 567 2867 Vide
590 2844 629 2867 ea
651 2835 843 2867 enumerata
865 2833 900 2867 in
923 2832 1018 2872 libro,
1041 2832 1098 2876 qui
1128 2831 1340 2866 inscribitur:
1389 2830 1608 2870 „Geschiohte
1642 2833 1699 2867 der
1730 2834 1898 2878 Bildung,
1932 2834 2135 2877 Beraubung
2167 2836 2235 2869 und
2260 2836 2340 2869 Ver-

300 2886 465 2929 niohtung
487 2886 546 2920 der
568 2887 660 2921 alten
681 2886 997 2929 Heidelbergischen
1018 2885 1383 2927 Buchersammlungen
1397 2904 1437 2909 —
1456 2896 1520 2918 von
1536 2886 1665 2920 Friedr.
1686 2888 1830 2921 Wilken.
1854 2888 2007 2923 Heidelb.
2034 2889 2145 2922 1817.“
2171 2900 2202 2931 p.
2218 2889 2281 2922 276
2290 2900 2339 2932 sq.
