2692 3515
1195 308 1479 346 —XII—

752 419 826 463 τόν
854 433 935 462 σοι
952 419 1082 474 Ἔρως
1116 419 1387 475 ἥγρευσεν
1415 422 1491 470 ἑοῖς
1515 421 1696 474 βελέεσσι
1724 417 1889 474 κιχήσας

298 506 343 541 et
369 503 554 550 sequente

750 571 836 611 σοὶ
864 572 914 611 δέ
937 587 986 623 με
1016 568 1176 624 Κύπρις
1204 574 1396 623 ἔπεμψε
1423 570 1488 610 καὶ
1515 566 1565 609 οὕ
1584 567 1712 621 σοφὸς
1739 566 1933 622 ἤγαγεν
1956 566 2100 622 Ἑρμῆς

299 648 512 689 clarissime
531 650 715 699 apparet:
744 650 785 686 et
812 646 880 686 cfr.
897 660 931 686 V.
956 648 1032 686 176
1046 649 1106 694 τίς
1125 643 1160 686 σ’
1187 643 1397 699 ἐκόμισσεν
1416 641 1514 697 ἐμὴν
1543 646 1598 692 εἰς
1626 646 1799 697 πατρίδα
1826 652 1957 697 γαῖαν.
1986 644 2062 685 Sed
2088 644 2129 685 in
2147 645 2363 696 posteriore

299 723 459 772 quidem
486 735 599 760 versu
627 734 688 759 me
716 722 889 770 primum
916 735 964 759 ex
992 722 1028 759 P
1058 723 1228 771 ἔπεμψε
1257 721 1468 759 restituisse
1497 732 1567 769 pro
1595 720 1721 757 adhuc
1749 720 1904 770 volgato
1922 719 2083 769 ἔπεμπε
2109 731 2233 769 paene
2260 719 2361 758 obli-

300 801 363 836 tus
387 811 472 836 sum
493 796 692 836 adnotare.

429 870 608 910 Membra
634 870 872 910 narrationis
901 870 990 909 inde
1019 884 1043 910 a
1070 884 1103 909 v,
1136 870 1211 909 160
1220 883 1275 919 sq.
1313 869 1497 918 virginem
1534 869 1721 907 amatoris
1757 869 1956 908 blanditiis
1984 870 2125 908 sensim
2153 868 2355 908 cedentem

300 945 457 997 egregie
486 944 733 995 depingentis
761 955 839 982 non
868 944 964 983 satis
992 944 1174 982 concinne
1202 943 1302 982 inter
1329 955 1369 981 se
1396 942 1588 992 quadrare
1611 941 1696 992 jam
1723 942 1816 981 olim
1843 942 2130 984 intellexeram:

755 1015 985 1067 παρθενικὴ
1015 1014 1049 1056 δ’
1077 1014 1286 1067 ἄφθογγος
1314 1016 1378 1055 ἐπὶ
1405 1013 1537 1066 χθόνα
1564 1016 1688 1066 πῆξεν
1716 1012 1898 1067 ὀπωπήν,

755 1092 867 1130 αἰδοῖ
892 1088 1253 1141 ἐρευθιόωσαν
1272 1090 1385 1140 (sicl)
1413 1085 1722 1128 ὖποκλέπτουσα
1742 1087 1926 1140 παρειήν,

757 1162 824 1205 καὶ
853 1159 1004 1215 χθονὸς
1032 1163 1137 1212 ε”ξεεν
1166 1159 1291 1214 ἄκρον
1318 1157 1382 1202 ὑπ’
1411 1165 1577 1214 ἴχνεσιν,
1606 1161 1798 1215 αἰδομένη
1827 1160 1871 1203 δὲ

759 1236 948 1285 πολλάκις
976 1234 1069 1289 ἀμφ’
1101 1235 1267 1289 ὤμοισιν
1296 1235 1362 1277 ἑόν
1391 1238 1581 1288 συνέεργε
1610 1237 1766 1289 χιτῶνα.

761 1313 930 1360 πειθοῦς
959 1309 1053 1364 γὰρ
1082 1309 1174 1351 τάδε
1204 1310 1333 1351 πάντα
1357 1309 1596 1364 προάγγελα,
1625 1313 1873 1364 παρθενικῆς
1893 1311 1938 1353 δὲ

656 1390 733 1427 165
762 1389 1002 1440 πειθομένης
1033 1388 1120 1427 ποτὶ
1150 1388 1315 1437 λέκτρον
1343 1383 1559 1439 ὑπόσχεσις
1587 1387 1671 1427 ἐστι
1699 1384 1840 1439 σιωπή·

758 1460 834 1514 ἤδη
862 1463 944 1503 καὶ
971 1460 1244 1513 γλυκύπικρον
1273 1463 1430 1510 ἐδέξατο
1460 1463 1630 1512 κέντρον
1659 1459 1834 1513 ἐρώτων,

761 1537 933 1589 θέρμετο
962 1535 1005 1577 δὲ
1033 1538 1201 1588 κραδίην
1229 1537 1409 1590 γλυκερῷ
1437 1536 1534 1587 πυρὶ
1563 1537 1770 1586 παρθένος
1787 1532 1907 1588 “Ηρώ,

762 1609 898 1652 κάλλεϊ
923 1609 955 1651 δ’
985 1609 1208 1663 ἱμερόεντος
1236 1608 1472 1662 ἅνεπτοίητο
1502 1608 1727 1660 Λεάνδρου.

307 1687 411 1726 Nam
448 1686 544 1725 illud
589 1681 681 1736 ἤδη
720 1690 811 1725 καί
843 1686 934 1736 quid
968 1687 1039 1725 sibi
1077 1687 1168 1726 velit
1202 1692 1288 1737 post
1325 1700 1565 1726 communem
1595 1687 1827 1726 sententiam
1854 1686 2057 1733 intrusum,
2096 1699 2209 1725 nemo
2245 1686 2358 1725 facile

307 1760 472 1805 dixerit3
508 1763 756 1809 exspectares
793 1760 922 1810 potius
959 1759 1143 1809 ejusmodi
1180 1762 1463 1799 transitionem:
1503 1755 1565 1808 ὥς
1592 1756 1708 1800 τότε
1736 1759 1803 1799 καὶ
1830 1756 2104 1810 γλυκύπικρον
2131 1763 2203 1799 etc.
2256 1759 2359 1800 Cave

309 1847 401 1873 vero
429 1835 517 1871 καί
539 1846 627 1871 cum
651 1828 763 1882 Ἡρώ
786 1833 931 1882 jungas
959 1834 1072 1871 nimis
1101 1839 1258 1876 remoto,
1286 1835 1394 1883 quasi
1422 1836 1528 1884 virgo
1556 1835 1703 1873 amanti
1731 1834 1964 1873 adolescenti
1991 1837 2228 1884 opponatur,
2257 1833 2360 1883 quod

309 1908 343 1947 si
369 1907 539 1947 indicare
567 1907 752 1947 voluisset
779 1909 908 1957 poeta,
937 1906 1090 1945 fecisset
1118 1907 1156 1945 id
1185 1907 1337 1946 solitam
1356 1908 1556 1947 formulam
1585 1907 1668 1947 καὶ
1695 1903 1824 1958 αὐτή
1852 1922 1939 1947 cum
1956 1909 2040 1958 ipso
2059 1909 2186 1947 Herus
2205 1908 2359 1946 nomine

309 1981 524 2023 arctissime
555 1979 764 2033 jungendo.
820 1980 960 2031 Itaque
983 1979 1133 2032 justam
1161 1980 1419 2021 membrorum
1437 1982 1625 2023 rationem
1643 1982 1857 2023 restituisse
1876 1981 1971 2023 mihi
1989 1981 2082 2023 olim
2108 1981 2267 2022 videbar
2285 1980 2359 2022 hoc

309 2057 441 2095 modo:
469 2055 638 2101 πειθοῦς
656 2053 750 2105 μὲν
768 2052 866 2092 τάδε
886 2050 1020 2092 πάντα
1040 2051 1282 2105 προάγγελα,
1312 2069 1391 2104 παρ
1399 2055 1555 2106 θενικῆς
1574 2054 1618 2095 δὲ
1640 2079 1685 2084 -
1707 2053 1848 2108 σιωπή·
1875 2052 1953 2107 ἤδη
1971 2052 2065 2107 γὰρ
2084 2052 2359 2108 γλυκύπικρον

309 2136 395 2180 etc,
411 2145 497 2168 cum
512 2132 552 2168 in
566 2131 603 2169 P
624 2144 655 2167 v.
674 2131 749 2168 166
766 2142 836 2180 pro
852 2131 924 2166 καί
934 2129 1166 2179 simpliciter
1185 2131 1372 2180 scriptum
1392 2130 1516 2168 inveni
1535 2130 1597 2169 δέ.
1626 2132 1709 2170 Hoc
1728 2143 1818 2170 vero
1837 2131 1985 2170 Musaei
2004 2142 2122 2170 manu
2144 2131 2359 2182 profectum

308 2219 392 2244 esse
420 2205 594 2244 intellexi
624 2219 670 2243 ex
699 2218 756 2249 eo,
786 2203 888 2253 quod
915 2203 980 2241 ille
1011 2216 1100 2241 suas
1129 2203 1176 2241 «le
1205 2205 1348 2242 amoris
1386 2204 1422 2241 vi
1449 2208 1489 2241 et
1524 2208 1664 2243 natura
1698 2206 1928 2250 sententias,
1970 2205 2107 2254 quibus
2143 2206 2184 2243 in
2219 2206 2360 2244 codicis

310 2280 432 2319 nostri
460 2280 636 2329 margine
665 2292 818 2328 semper
845 2274 986 2328 γνώμη
1014 2276 1111 2316 illud
1139 2277 1292 2316 allitum
1321 2282 1381 2316 est
1408 2277 1638 2327 complicata
1664 2278 1951 2317 abbreviatione
1987 2291 2230 2328 expressum,
2267 2292 2360 2318 con-

306 2357 459 2394 stanter
486 2353 632 2393 causali
659 2351 854 2405 particula
880 2350 1023 2391 inferre
1052 2350 1169 2391 solet:
1198 2350 1272 2390 vid.
1298 2364 1331 2390 v.
1361 2351 1423 2390 37.
1453 2351 1516 2391 51.
1545 2351 1608 2391 92.
1639 2352 1724 2391 183.
1756 2352 1842 2392 198.

438 2428 483 2468 V.
516 2428 590 2467 186
619 2427 723 2479 quod
751 2426 856 2478 apud
883 2438 1014 2466 omnes
1046 2426 1230 2477 legimus:

696 2498 782 2540 εἰπὲ
811 2499 868 2551 δέ,
892 2496 946 2551 μὴ
975 2497 1131 2552 κρύψῃς
1161 2497 1252 2539 τεὸν
1281 2495 1438 2551 οὕνομα
1466 2498 1532 2539 καὶ
1561 2499 1630 2539 σεό
1659 2495 1824 2551 πάτρην·

697 2571 747 2613 οὐ
774 2572 849 2626 γὰρ
878 2573 976 2626 ἐμόν
1005 2586 1049 2613 σε
1078 2576 1266 2625 λέληθεν,
1295 2575 1403 2625 ἐμοὶ
1431 2571 1466 2613 δ’
1494 2571 1622 2625 ὄνομα
1650 2572 1798 2614 κλυτὸν
1819 2570 1937 2625 Ἡρώ-

309 2650 410 2690 male
438 2650 559 2690 habet
585 2663 797 2700 pronomen
823 2650 1027 2700 personale
1056 2649 1216 2689 alterius
1246 2649 1409 2688 membri
1436 2649 1545 2689 initio
1573 2663 1660 2688 cum
1680 2649 1787 2700 justo
1805 2649 1949 2700 majore
1978 2650 2014 2688 vi
2033 2650 2210 2700 positum.
2239 2650 2360 2700 Atqui

310 2724 432 2765 multo
460 2725 589 2776 aptius
617 2725 654 2765 P
680 2724 845 2776 praebet
879 2725 974 2775 ἔχω
1003 2718 1036 2764 δ’
1068 2718 1197 2775 ὄνομα
1225 2719 1374 2763 κλυτὸν
1396 2717 1526 2775 Ἡρώ,
1563 2723 1665 2774 quod
1701 2724 1820 2764 etiam
1855 2723 1943 2764 inde
1970 2723 2089 2764 habet
2116 2724 2360 2764 commenda-

310 2799 468 2845 tionem,
495 2798 597 2849 quod
625 2798 807 2838 Musaeus
835 2797 982 2838 duobus
1010 2798 1098 2839 aliis
1122 2797 1235 2845 locis,
1273 2797 1412 2848 quibus
1449 2796 1583 2837 eodem
1610 2797 1775 2837 nominis
1802 2798 2019 2838 accusativo
2046 2811 2178 2838 versus
2205 2798 2361 2838 clausu-

310 2873 391 2915 lam
419 2874 599 2926 explovit,
627 2879 763 2925 aptum
790 2887 879 2914 eum
917 2872 1008 2914 fecit
1045 2888 1092 2914 ex
1129 2873 1261 2914 codem
1291 2872 1426 2913 verbo:
1465 2872 1537 2912 vid.
1573 2888 1604 2912 v.
1635 2874 1685 2912 70
1713 2875 1817 2924 ἔχειν
1844 2868 2085 2925 ὁμοδέμνιον
2107 2869 2214 2925 ‘Heni
2241 2879 2281 2914 et
2308 2874 2358 2913 81
