2692 3515
1224 295 1468 332 ᾐχ-

447 410 588 450 Levius
615 415 687 456 est,
715 409 782 448 sed
810 413 943 448 tamen
971 411 1021 449 ad
1050 413 1187 461 poetae
1216 412 1337 450 nostri
1365 424 1474 449 usum
1502 410 1673 460 pertinet
1699 411 1801 462 quod
1830 424 1861 449 V.
1894 411 1969 450 129
1997 424 2068 462 pro
2095 411 2252 463 vulgato
2286 411 2372 453 ἐπεὶ

320 483 442 525 κλύεν
470 486 506 523 Ρ
535 499 622 522 cum
641 485 789 522 Veneto
816 488 857 521 et
873 484 1087 533 Bodlejano
1116 486 1151 523 B
1179 486 1296 523 habet
1323 481 1384 530 ὥς
1411 486 1621 532 ἔκλυεν,
1649 486 1783 523 vitiose
1813 485 1980 535 quidem,
2009 486 2076 524 sed
2103 487 2179 532 ita,
2208 491 2252 525 ut
2282 487 2373 526 inde

320 560 444 610 quivis
473 559 614 599 collato
640 573 672 597 v.
702 558 780 596 336
809 552 863 596 ὅτ’
894 558 1037 608 ἔδρακε
1067 558 1239 598 facturus
1267 559 1317 598 sit
1343 551 1405 597 ὅτ’
1435 559 1562 605 ἔκλυε,
1591 559 1693 607 quod
1720 560 1845 610 ipsum
1874 559 1999 598 Nomii
2027 560 2110 599 loco
2137 560 2202 607 35,
2229 572 2292 604 230

832 634 1047 683 δαιμονιην
1075 632 1119 671 δὲ
1148 641 1332 682 γυναῖκες
1359 627 1412 670 ὅτ’
1443 634 1588 670 ἔκλυον
1616 628 1728 671 εὔιον
1755 629 1836 683 ἠχώ

319 707 509 748 firmatur.
556 707 687 746 Etiam
713 707 894 757 magistri
924 711 1077 747 tantum
1104 722 1175 746 usu
1213 706 1510 751 commendatur,
1538 706 1643 756 quod
1672 721 1704 746 v.
1737 709 1805 746 111
1839 721 1909 758 pro
1936 707 2083 758 volgari
2111 703 2307 758 ἀνέφαινε
2334 710 2371 749 Ρ

320 784 500 833 praebuit
527 777 765 820 ἀνέτειλε
790 782 875 831 jam
904 782 1059 821 aliunde
1088 787 1229 820 notum.

447 856 593 897 Contra
620 856 841 895 emendatio
870 861 942 901 est,
969 870 1044 895 non
1074 856 1194 895 solum
1221 855 1402 901 mutatio,
1443 867 1560 904 quam
1589 855 1624 894 P
1652 869 1739 894 cum
1767 854 1913 895 duobus
1951 855 2037 895 aliis
2066 856 2228 896 Roeveri
2265 857 2371 897 codi-

319 933 426 972 cibus
454 947 488 971 v.
521 919 601 971 145*
625 931 754 978 infert,
783 932 851 982 qui
879 931 990 981 volgo
1018 933 1072 970 sic
1101 931 1259 981 legitur:

1172 1000 1222 1056 ἢν
1250 1000 1284 1044 δ’
1315 1001 1509 1057 ἐθελήσῃς

828 1076 963 1130 θεσμοὶ
983 1078 1080 1128 θεῆς
1100 1076 1262 1128 ἐρόεντα
1289 1078 1354 1117 καὶ
1380 1075 1493 1129 ὄργια
1523 1074 1678 1117 πιστὰ
1708 1077 1866 1129 δαῆναι,

829 1157 913 1194 ἔστι
940 1151 1063 1204 γάμος
1091 1153 1154 1192 καὶ
1183 1154 1334 1202 λέκτρα.

320 1229 395 1270 Ubi
425 1230 645 1279 quicunque
674 1229 731 1268 rei
760 1230 952 1268 rationem
981 1229 1330 1277 sententiarumque
1368 1228 1505 1266 seriem
1540 1226 1809 1277 perpenderit,
1846 1227 1908 1267 1116
1937 1229 2091 1279 quidem
2118 1228 2289 1280 profecto
2321 1230 2370 1270 de

319 1304 503 1351 ‚‚fido“‚
533 1304 600 1354 qui
642 1303 782 1353 „longo
811 1307 983 1353 tempore
1012 1303 1145 1347 duret,
1182 1307 1354 1349 amore“,
1379 1301 1691 1341 decantatissimo
1719 1302 1784 1341 illo
1811 1302 1932 1342 nostri
1960 1303 2104 1343 saeculi
2131 1307 2370 1359 θελκτηρίςο,

319 1393 436 1429 quem
465 1379 614 1417 scilicet
641 1379 775 1427 „vagis
804 1378 1023 1416 libidinibus
1039 1377 1277 1426 oppositunr‘
1306 1378 1472 1415 invenire
1500 1377 1572 1415 sibi
1600 1377 1670 1414 visi
1699 1382 1789 1415 sunt
1814 1377 1992 1423 editores,
2021 1391 2235 1417 sermonem
2264 1380 2370 1419 nullo

320 1452 434 1492 modo
474 1465 557 1491 esse
595 1464 707 1502 posse
744 1451 857 1490 facile
886 1450 1130 1489 intellexerit.
1187 1451 1316 1500 Neque
1353 1450 1390 1489 id
1418 1451 1641 1489 novissimos
1678 1451 1908 1501 interpretes
1937 1451 2052 1491 latuit
2079 1453 2301 1493 Passovium
2329 1457 2371 1493 et

320 1527 552 1572 Tomeium‚
590 1538 756 1575 quorum
802 1525 866 1563 ille
904 1520 1019 1574 ὄργια
1049 1522 1203 1563 πιστά
1239 1525 1528 1570 „trauliche
1556 1525 1689 1564 Weihe
1727 1525 1797 1563 der
1824 1525 1994 1573 Gottin‘g
2021 1526 2084 1565 hic
2112 1527 2205 1574 „der
2233 1528 2370 1567 Gottin

321 1601 490 1638 wahre
533 1599 873 1648 Verehrung“
915 1598 1102 1643 reddidit,
1144 1599 1245 1636 haud
1283 1598 1381 1636 male
1432 1611 1667 1648 quamquam
1709 1598 1857 1637 diverse
1897 1604 2081 1650 uterque,
2133 1601 2165 1639 si
2216 1613 2371 1640 sensum

321 1680 557 1726 spectamus,
586 1673 653 1713 sed
681 1672 784 1723 quod
813 1674 853 1711 in
880 1672 1007 1711 verbis
1034 1673 1157 1711 inesse
1185 1678 1357 1722 nequeat.
1413 1674 1552 1720 Quidni
1578 1678 1721 1716 autem,
1750 1674 1851 1723 quod
1874 1674 1957 1724 jam
1985 1688 2032 1713 ex
2059 1675 2210 1714 duobus
2228 1677 2371 1715 codici-

321 1750 394 1790 bus
422 1749 677 1789 adnotaverat
695 1748 904 1793 Roeverus,
941 1742 1056 1797 ὅργια
1083 1743 1241 1786 κεδνὰ
1268 1746 1409 1796 δαῆναι
1436 1748 1691 1798 receperunt?
1745 1746 1883 1787 Castae
1903 1749 2041 1799 virgini
2069 1762 2240 1789 amorem
2267 1754 2370 1789 tam-

321 1838 440 1875 quam
460 1830 613 1873 turpem
634 1821 843 1872 pudicitiae
867 1834 1082 1860 eversorem
1104 1821 1406 1871 perhorrescenti
1426 1821 1586 1860 Veneris
1606 1834 1717 1861 sacra
1736 1827 1780 1861 ut
1807 1823 2094 1862 veneranda
2117 1824 2370 1864 commendat.

452 1898 531 1937 Nec
559 1910 606 1937 ea
634 1898 760 1944 lectio,
792 1909 911 1947 quam
940 1909 1027 1936 cum
1059 1895 1146 1935 aliis
1174 1895 1281 1935 libris
1310 1910 1340 1935 v.
1375 1898 1445 1935 193
1473 1896 1508 1936 Ρ
1536 1896 1666 1944 habet,
1695 1897 1786 1948 quin
1814 1911 1905 1937 vera
1932 1898 1993 1945 sit,
2021 1897 2191 1939 dubitari
2218 1903 2369 1950 potest:

1069 1970 1144 2009 αἰεὶ
1175 1967 1208 2008 δ’
1237 1966 1314 2009 ἀνὰ
1342 1968 1467 2009 νύκτα
1494 1970 1555 2010 καὶ
1585 1966 1645 2021 ἠῶ

837 2045 878 2092 ἐξ
906 2040 1002 2089 ἁλὸς
1030 2041 1338 2095 ήνεμόφωνος
1367 2045 1564 2094 ἐπιβρέμει
1592 2041 1737 2083 οὔασιν
1764 2041 1851 2095 ἠχή,

321 2136 438 2173 quam
467 2134 559 2161 sane
593 2120 677 2170 jam
706 2119 925 2169 Lennepius
966 2123 1180 2168 receperat,
1211 2118 1276 2156 sed
1314 2119 1513 2157 Pas-sevius
1551 2119 1769 2158 Heinrichio
1805 2119 2007 2158 obsecutus
2034 2120 2173 2158 iterum
2200 2120 2371 2160 deseruit

321 2210 415 2245 prm·
445 2195 569 2232 altera
597 2190 909 2244 ήνεμόεντος,
940 2205 1039 2242 quoe
1068 2191 1261 2241 duplicem
1283 2190 1527 2229 ostensionem
1556 2192 1672 2230 habet
1694 2197 1733 2230 et
1752 2193 1790 2230 in
1809 2192 2020 2231 masculina
2049 2193 2227 2244 adjectivi
2246 2193 2371 2234 forma

322 2276 456 2308 contra
484 2271 621 2308 horum
650 2269 806 2318 quidem
835 2271 1038 2317 poetarum
1073 2280 1184 2304 usum
1213 2279 1301 2304 cum
1336 2266 1515 2303 feminino
1544 2266 1780 2304 substantivo
1803 2266 1938 2315 juncta
1966 2271 2005 2305 et
2032 2268 2070 2305 in
2098 2268 2267 2317 epitheto
2293 2281 2369 2307 non

322 2346 369 2386 ei,
398 2345 458 2382 cui
487 2344 745 2382 necessarium
778 2348 849 2384 est,
879 2343 960 2379 voci
989 2340 1176 2390 adposito.

450 2417 523 2457 Hic
553 2416 707 2468 quidem
738 2415 912 2456 codicum
941 2414 1152 2454 auctoritas
1173 2419 1278 2453 certe
1307 2413 1490 2463 ambigua
1519 2417 1622 2458 erat3
1651 2417 1784 2451 contra
1811 2414 1912 2463 quod
1939 2429 1971 2453 v.
1995 2416 2069 2454 194
2095 2421 2182 2465 post
2208 2417 2371 2466 Papium

323 2497 362 2532 et
399 2492 576 2531 Voe'tium
614 2487 695 2530 ὑπὸ
740 2486 863 2540 φάρεϊ
907 2488 1091 2528 κλέπτε
1129 2483 1300 2539 παρειήν
1337 2486 1570 2527 recentiores
1606 2485 1819 2526 intulerunt
1854 2501 1984 2528 omnes
2021 2488 2187 2529 alienum
2224 2490 2273 2530 ab
2311 2490 2371 2530 his

324 2568 445 2617 poetis
473 2572 633 2617 propter
654 2565 935 2615 correptionem
955 2565 1176 2602 littcrannn
1205 2565 1255 2601 κλ
1283 2563 1467 2607 Atticam,
1496 2561 1535 2598 111
1564 2560 1667 2599 nullo
1694 2560 1791 2599 libro
1810 2562 2068 2613 manuscripto
2086 2563 2245 2602 inveniri
2265 2563 2371 2603 vide-

325 2645 398 2679 tur.
436 2641 549 2679 Certe
577 2641 617 2678 in
646 2641 681 2678 P
710 2652 861 2689 quoque
891 2640 991 2677 inest
1019 2638 1113 2675 olim
1142 2637 1340 2685 volgatum
1368 2632 1562 2684 κρύπττε
1589 2631 1772 2686 παρειήν,
1800 2635 1900 2685 quod
1927 2637 2035 2675 unice
2064 2650 2207 2675 verum.

453 2717 583 2753 Etiam
612 2730 644 2752 v.
673 2717 751 2753 20⁴5
781 2719 887 2751 recte
915 2727 1002 2750 cum
1030 2713 1118 2750 aliis
1147 2711 1256 2748 libris
1285 2715 1373 2759 post
1397 2709 1687 2749 antecedentem
1715 2723 1866 2748 versum
1899 2711 2158 2750 membrormn
2185 2712 2371 2761 aequabi-

326 2788 476 2829 litatem
507 2789 704 2829 Nonnicae
735 2787 889 2827 scholae
918 2789 1143 2826 consuetam
1172 2787 1304 2823 tuetur
1331 2784 1388 2823 P:

708 2857 759 2904 οὐ
787 2859 941 2915 τρομέω
970 2855 1076 2914 βαρὺ
1105 2865 1254 2913 χεῖμα
1283 2857 1396 2913 (sict)
1425 2854 1519 2912 τει]ν
1546 2853 1837 2913 μετανεύμενος
1852 2853 1989 2913 εὐνήν,

710 2935 759 2976 οὐ
786 2936 942 2989 βρόμον
973 2934 1142 2987 ἠχὴεπτα
1170 2933 1598 2985 περιπτώσσοιμι
1626 2932 1844 2985 θαλάσσης,
