2692 3515
1172 371 1223 378 —
1277 349 1369 389 XYI
1423 373 1473 379 —

426 468 544 507 Vides
571 468 692 517 igitur
718 466 858 505 bonam
885 464 1026 505 codicis
1053 465 1176 505 nostri
1203 464 1371 506 indolem
1399 465 1517 506 etiam
1561 465 1600 506 in
1636 478 1680 506 eo
1717 464 1840 512 cerni,
1880 463 1981 515 quod
2018 462 2113 505 adeo
2149 464 2344 505 erroribus

295 541 377 582 suis
412 541 608 583 interdum
644 539 818 581 veritatis
865 538 969 579 viam
1005 542 1224 580 monstrare
1260 538 1571 593 deprehenditur.
1635 540 1743 580 Licet
1777 538 1849 580 hoc
1885 538 2051 590 amplius
2088 539 2268 591 persequi
2303 539 2344 578 in

296 614 446 656 duobus
475 614 726 668 singularium
754 613 1064 665 corruptelarum
1091 614 1308 664 generibus,
1335 615 1374 652 in
1401 615 1600 653 lacunis
1628 619 1668 653 et
1695 615 2205 664 transpositionibus.

427 691 460 729 A
488 689 687 729 lacunis
714 689 868 727 initium
896 688 1005 728 facio.
1043 689 1191 728 Earum
1215 689 1357 740 duplex
1385 702 1501 729 causa
1527 693 1598 735 est,
1626 691 1751 729 altera
1778 691 1818 729 in
1836 690 1975 729 codicis
1992 689 2181 729 exteriore
2196 688 2342 736 habitu,

296 763 423 803 altera
450 765 489 803 in
517 762 708 802 scribendi
736 763 887 802 ratione
924 763 1150 813 librariique
1188 776 1318 802 errore
1355 764 1489 814 posita.
1545 761 1712 809 Charta,
1746 776 1824 813 qua
1860 763 1979 803 codex
2006 767 2176 810 constat,
2212 776 2344 802 crassa

296 836 453 889 quidem
490 841 569 883 est,
608 836 675 876 sed
713 836 841 876 mollis
870 835 1020 888 fragilis
1048 837 1211 884 fibrosa,
1239 838 1319 888 ipse
1357 838 1454 876 liber
1494 841 1534 876 et
1569 838 1691 876 multo
1726 850 1797 876 usu
1834 837 1999 877 detritus
2036 842 2076 877 et
2103 838 2342 888 bibliopegae

294 926 412 951 manu
440 926 515 951 non
544 913 657 951 nimis
686 916 803 951 cauta
831 913 1045 963 colligatus.
1079 914 1179 952 Hinc
1208 914 1362 958 factum,
1390 918 1433 951 ut
1460 926 1534 952 non
1563 912 1686 951 solum
1714 911 1886 961 singulae
1915 912 2067 952 litterae
2096 912 2342 964 syllabaeque

297 986 434 1026 finales
464 987 693 1026 evanuerint
719 985 881 1026 fortuito
909 992 1116 1038 excerptae
1145 992 1260 1037 atque
1288 987 1499 1027 recentiore
1517 985 1711 1026 interdum
1739 984 1923 1024 schedula
1941 985 2117 1025 obtectae
2145 987 2209 1033 (ut
2228 986 2343 1026 έοῦσ-

294 1075 328 1100 v.
358 1060 423 1107 31,
451 1058 534 1109 -ξίν
559 1060 624 1108 34,
653 1059 735 1107 ἴδες
773 1059 873 1111 (sive
902 1060 1048 1112 potius,
1086 1065 1130 1101 ut
1157 1073 1204 1101 ex
1231 1061 1364 1101 relicto
1385 1052 1399 1068 τ
1427 1060 1553 1099 videre
1581 1059 1691 1106 licet,
1721 1056 1841 1110 εἶδες)
1870 1064 1910 1097 et
1937 1056 2086 1110 -ούρην
2114 1061 2177 1107 86,
2206 1057 2342 1099 -εότωυ

293 1135 366 1181 90,
407 1131 551 1181 κάλλος
588 1138 629 1172 et
656 1130 850 1185 γυναικὸς
878 1135 950 1180 92,
990 1137 1061 1182 -ζει
1094 1136 1202 1186 (nam
1231 1136 1285 1172 ita
1313 1148 1400 1172 eum
1436 1135 1613 1172 habuisse
1649 1134 1797 1182 primae
1831 1134 1984 1172 litterae
2021 1135 2196 1183 superior
2222 1150 2342 1175 uncus

295 1209 396 1249 forte
426 1209 585 1247 relictus
614 1207 877 1257 demonstrat)
910 1209 996 1253 198,
1025 1216 1149 1248 -οῐσιν
1177 1210 1266 1254 200,
1295 1222 1414 1258 -ργου
1442 1210 1531 1254 210,
1559 1221 1677 1258 -χνον
1703 1209 1803 1254 212,
1831 1204 1973 1258 -μάξης
2000 1209 2090 1255 214,
2119 1210 2222 1260 -δωρ
2251 1212 2341 1257 313,

292 1300 359 1334 -ης
388 1283 500 1332 328),
530 1281 599 1321 sed
628 1281 726 1322 adeo
762 1282 835 1321 toti
870 1295 1001 1321 versus
1038 1286 1107 1322 aut
1142 1282 1180 1321 in
1209 1295 1356 1322 summo
1392 1286 1460 1322 aut
1496 1281 1534 1321 in
1570 1281 1646 1321 imo
1672 1280 1835 1320 duarum
1876 1280 2139 1321 columnamm
2166 1283 2340 1335 margine

292 1358 403 1398 iuxta
439 1356 556 1408 positi
597 1356 660 1396 hic
695 1356 774 1396 illic
811 1369 835 1396 a
863 1356 1081 1407 bibliopega
1108 1356 1262 1396 cultello
1302 1356 1393 1396 folia
1429 1360 1666 1406 exaequante
1702 1354 1893 1395 devastati
1930 1356 2016 1395 sint.
2071 1356 2132 1395 Ita
2159 1370 2206 1396 ea
2233 1357 2341 1397 labes

294 1433 467 1484 primum
496 1444 630 1470 versus
659 1432 706 1469 91
726 1435 765 1470 et
780 1431 831 1469 92
859 1432 898 1469 in
912 1431 988 1470 imo
1003 1431 1065 1469 fol.
1082 1431 1158 1469 85¹>
1192 1432 1365 1481 margine
1382 1431 1496 1480 juxta
1522 1431 1663 1480 positos
1677 1431 1826 1477 invasit,
1854 1434 1898 1469 ut
1925 1444 1973 1470 ex
1999 1431 2066 1470 illo
2093 1432 2147 1470 nil
2174 1433 2248 1472 nisi
2276 1430 2340 1479 -ὁς

292 1503 338 1557 -ὴ
367 1507 458 1557 (pro
474 1505 530 1557 ᾗ),
559 1518 608 1544 ex
634 1506 706 1544 hoc
734 1509 885 1544 tantum
904 1502 979 1555 γὰρ
996 1508 1215 1555 περίπατον
1244 1505 1359 1556 (εἰσί)
1388 1500 1609 1555 ἀμωμήτοι-
1637 1518 1749 1555 aegre
1768 1505 1937 1556 dignosci
1953 1510 2082 1556 queat,
2110 1511 2192 1545 tum
2212 1522 2244 1546 v.
2260 1508 2339 1547 215

294 1587 335 1620 et
363 1582 441 1620 216
471 1582 510 1619 in
539 1592 689 1618 summo
717 1579 778 1618 fol.
808 1580 879 1617 871ι
907 1580 1078 1630 margine
1112 1579 1226 1629 juxta
1262 1580 1426 1629 positos,
1464 1592 1625 1629 quorum
1664 1579 1764 1618 illius
1801 1580 1976 1630 superius
2012 1580 2213 1621 dimidium
2251 1595 2338 1622 cum

293 1655 443 1694 ultimis
483 1654 610 1693 verbis
647 1647 773 1704 ὅρμον
810 1653 985 1704 ἱκοίμην,
1014 1654 1074 1693 hic
1112 1667 1201 1693 vero
1242 1658 1345 1693 totus
1382 1654 1518 1704 periit,
1556 1657 1746 1704 postremo
1782 1668 1815 1693 V.
1845 1655 1918 1694 271
1950 1658 1990 1695 et
2029 1655 2108 1695 272
2144 1655 2207 1696 fol.
2236 1657 2339 1705 871³,

294 1741 459 1779 quorum
487 1727 551 1767 ille
580 1730 698 1774 totus,
725 1726 840 1777 hujus
869 1728 1041 1777 superior
1068 1740 1158 1777 pars
1186 1728 1343 1766 dimidia
1370 1728 1531 1766 eandem
1559 1731 1699 1766 sortem
1726 1728 1823 1767 tulit.

424 1802 569 1841 Verum
584 1803 704 1842 etiam
719 1802 901 1841 librarius
918 1802 1021 1841 haud
1041 1816 1129 1841 raro
1149 1803 1357 1841 oscitanter
1375 1816 1450 1841 non
1471 1802 1594 1841 solum
1609 1802 1725 1841 verba
1744 1802 1946 1850 mutilavit,
1965 1807 2009 1843 ut
2023 1818 2055 1843 v.
2075 1805 2146 1844 101
2164 1799 2338 1856 ὀπεύων,

297 1876 371 1916 155
388 1875 591 1927 χωομένης
604 1872 840 1927 Ἀφροδίτης
855 1876 994 1916 omisso
1015 1877 1133 1916 etiam
1154 1872 1187 1915 δ’
1192 1907 1202 1923 ,
1234 1877 1305 1915 167
1331 1875 1487 1927 θέρετο,
1510 1877 1585 1916 179
1606 1872 1790 1928 δύναμαι,
1805 1878 1881 1918 258
1906 1880 2084 1927 ἔσκεπεν,
2105 1884 2145 1920 et
2169 1881 2338 1932 singulas

292 1964 403 1990 voces
431 1950 571 1996 omisit,
600 1954 644 1990 ut
666 1949 894 2001 πεφυκέναι
923 1963 955 1989 v.
981 1950 1043 1996 64,
1072 1948 1116 1988 δὲ
1148 1951 1234 1996 170,
1262 1946 1398 1989 πόθου
1429 1951 1514 1997 196,
1542 1947 1587 1989 τὸ
1608 1951 1696 1997 243,
1723 1946 1749 1989 ἂ
1767 1952 1856 1999 268,
1885 1952 1948 1990 ἐπὶ
1967 1958 2057 1992 ante
2084 1950 2234 2004 χρόνον
2248 1956 2338 2001 290,

291 2026 333 2063 οἱ
357 2026 500 2075 scripto
527 2022 609 2064 ἀλλ’
640 2023 749 2071 οὔτις
764 2028 854 2071 322,
885 2025 1034 2070 (115335,
1063 2026 1266 2062 sedetiam
1285 2031 1384 2062 totos
1405 2040 1535 2062 versus
1555 2027 1833 2074 praetermisit:
1862 2028 1917 2065 ita
1937 2033 2142 2077 postquam
2169 2030 2337 2079 primum

294 2114 318 2138 a
347 2114 378 2137 v.
413 2102 486 2138 112
515 2124 565 2128 —
591 2096 735 2149 ἐγγύθι
764 2097 913 2149 κούρης
942 2112 1063 2148 usque
1093 2099 1142 2137 ad
1169 2113 1200 2136 v.
1234 2100 1306 2137 118
1335 2099 1570 2145 θαρσαλέως
1598 2103 1668 2138 etc.
1715 2099 1873 2151 fugitivo
1910 2102 2020 2142 oculo
2047 2104 2336 2153 transsiluisset‚

290 2173 560 2215 animadverso
586 2173 698 2225 lapsu
726 2187 758 2213 v.
778 2174 853 2214 115
881 2178 921 2213 et
952 2173 1027 2212 116
1056 2172 1212 2223 quidem
1240 2172 1341 2211 inter
1368 2173 1470 2224 ipsos
1498 2186 1627 2212 versus
1658 2175 1796 2225 lllsq.
1825 2179 1865 2214 et
1895 2176 1968 2214 118
1980 2189 2035 2227 sq.
2064 2180 2180 2228 atque
2210 2192 2242 2216 v.
2262 2179 2334 2218 117

287 2248 338 2287 ad
367 2249 597 2288 exteriorem
626 2249 841 2299 marginem
870 2247 1081 2287 minoribus
1111 2247 1252 2286 litteris
1280 2246 1424 2293 allexit,
1454 2247 1519 2286 sed
1547 2262 1579 2286 v.
1611 2249 1683 2287 113
1711 2253 1750 2288 et
1780 2251 1855 2288 114
1881 2263 2038 2301 prorsus
2066 2253 2215 2299 omisit,
2257 2255 2335 2293 sive

287 2323 458 2372 repetita
486 2322 732 2372 neglegentia
753 2323 831 2359 sive
858 2322 1043 2365 consulto,
1069 2322 1161 2370 quia
1189 2322 1359 2369 spatium
1383 2321 1514 2359 deesse
1542 2322 1750 2361 videbatur.
1779 2323 1906 2362 Causa
1932 2324 2062 2374 lapsus
2090 2332 2227 2375 aperta
2256 2333 2335 2367 est:

285 2397 391 2434 idem
420 2393 568 2445 κούρης
596 2396 826 2434 vocabulum
854 2400 894 2434 et
922 2410 954 2433 v.
984 2396 1058 2433 112
1087 2400 1127 2433 et
1155 2410 1187 2432 v.
1207 2395 1281 2433 117
1311 2395 1351 2432 in
1380 2394 1552 2434 clausula
1580 2396 1754 2445 positum.
1783 2396 1973 2437 Versuum
1988 2402 2118 2438 autem
2145 2400 2335 2451 trajectio,

288 2472 336 2510 de
366 2484 444 2521 qua
472 2472 604 2511 statim
632 2470 858 2517 videbimus,
888 2470 1059 2510 effecisse
1087 2469 1251 2517 videtur,
1279 2473 1323 2509 ut
1350 2482 1508 2520 prorsus
1535 2469 1729 2510 omitteret
1756 2486 1788 2511 v.
1804 2471 1893 2512 324.
1949 2471 2074 2513 Semel
2101 2488 2148 2514 ex
2176 2473 2335 2518 dimidia

285 2544 415 2596 priore
431 2544 542 2585 unius
571 2557 704 2586 versus
732 2548 844 2596 parte
873 2543 911 2584 in
926 2543 1179 2596 posteriorem
1198 2542 1359 2582 alterius
1387 2541 1541 2582 devenit
1568 2556 1600 2582 v.
1619 2544 1692 2582 138
1704 2557 1771 2596 sq„
1799 2558 1869 2597 pro
1884 2546 2020 2597 quibus
2037 2560 2154 2587 umun
2182 2553 2334 2589 tantum

285 2618 386 2658 hunc
413 2617 615 2659 conflavit:

733 2689 865 2742 ὄλβιος
893 2689 937 2738 ὅς
966 2688 1001 2729 σ’
1031 2690 1230 2740 ἐφύτευσε
1256 2689 1498 2740 μακαρτάτη.
1526 2687 1624 2731 ἀλλὰ
1651 2691 1808 2733 λιτάων.

413 2767 629 2817 Conspicua
643 2772 703 2806 est
717 2781 765 2806 ea
778 2767 1024 2817 neglegentia
1052 2766 1169 2805 etiam
1197 2765 1237 2804 in
1264 2780 1286 2804 v
1302 2780 1500 2805 ersuum
1528 2767 1948 2819 trajectionibus,
1976 2785 2072 2822 quas
2099 2772 2157 2813 bis
2177 2773 2333 2814 admisit

284 2842 555 2893 ineptissimas,
584 2841 754 2892 primum
769 2855 801 2880 v.
817 2840 986 2889 39—41‚
1016 2839 1082 2892 qui
1097 2838 1168 2880 hoc
1196 2838 1329 2880 ordine
1357 2839 1556 2891 leguntur:
1586 2837 1734 2883 4102211'
1763 2840 1846 2884 οὐὸο
1876 2840 1929 2893 (ὃς
1944 2870 2007 2896 -,
2036 2846 2088 2886 39
2103 2844 2331 2888 πολλάκι--

281 2916 337 2953 40
363 2913 565 2964 μητρὶ-ς
603 2914 741 2954 deinde
779 2929 811 2953 v.
841 2915 1074 2960 318-329,
1113 2915 1177 2965 qui
1215 2915 1373 2961 omisso,
1410 2915 1468 2953 uti
1497 2915 1581 2965 jam
1618 2918 1717 2965 dixi,
1754 2932 1787 2958 v.
1816 2921 1895 2959 324
1930 2920 2002 2960 hoc
2041 2922 2153 2961 modo
2180 2923 2331 2973 disjecti
