2692 3515
1170 325 1435 364 -IX—

284 434 414 475 adhuc
449 435 635 475 editiones
671 450 704 476 v.
733 438 780 478 61
820 440 1022 491 occupavit
1054 438 1193 493 χροιὴν
1228 438 1305 495 γὰρ
1341 443 1497 494 μελέων
1525 443 1791 496 ἐρυθαίνετο,
1828 446 1932 498 quod
1967 461 2037 488 nec
2073 463 2143 501 per
2171 464 2212 492 se
2240 458 2331 505 apte

284 509 433 549 dictum
460 510 531 557 est,
558 512 738 561 quoniam
764 513 844 553 alia
860 527 904 553 re
924 527 1040 565 quam
1060 517 1319 557 membrorum
1339 518 1464 559 colore
1492 519 1601 571 virgo
1629 520 1834 561 rubescere
1853 535 1931 562 non
1948 527 2092 574 potest,
2117 529 2157 566 et
2174 527 2331 579 insuper

284 583 552 624 inconcinnum
577 591 737 637 propter
763 601 926 638 sequens
1223 593 1462 644 νισσομένης
1490 593 1535 632 δὲ

729 660 793 702 καὶ
819 658 919 714 ῥόδα
936 666 1221 716 λευκοχίτωνος
1248 662 1328 706 ὑπὸ
1356 663 1495 720 σφυρὰ
1514 664 1691 721 λάμπετο
1718 666 1877 722 κούρης.

282 732 508 773 Rectissime
543 735 601 783 P,
647 748 810 787 quocum
856 738 918 778 hic
954 739 1108 790 quidem
1155 740 1365 781 Vossianus
1414 744 1626 792 consentit,
1672 745 1837 797 praebet
1879 747 2158 790 nominativum
2194 766 2282 802 χροι
2294 767 2328 803 η

408 809 571 860 Propter
584 811 783 861 utriusque
802 813 942 852 codicis
961 815 1234 853 auctoritatem
1248 815 1367 865 igitur
1385 818 1503 856 etiam
1517 832 1550 857 v.
1567 819 1617 857 88
1632 819 1875 860 inferendum
1895 823 1971 861 erit
1985 826 2109 875 πυριβ
2120 828 2141 864 λ
2153 822 2208 876 ήτ
2222 837 2327 866 οισι

281 883 418 932 δαμεὶς
445 879 642 934 ἀδόκητον
678 880 823 931 ὀιστοῖς
859 900 930 936 pro
966 887 1114 937 volgari
1151 887 1592 942 πυριπνεύστοισι,
1630 895 1731 943 quod
1759 908 1831 945 per
1858 910 1899 935 se
1927 911 2002 936 non
2030 899 2156 938 minus
2183 901 2326 940 bonum

279 955 385 995 haud
412 956 489 996 scio
515 970 565 996 an
584 971 631 997 ex
648 972 681 997 v,
710 959 760 998 41
790 961 1102 1009 πυριπνείοντας
1121 955 1280 1007 ὀιστούς
1308 962 1516 1014 irrepserit.

406 1033 459 1071 At
477 1046 567 1071 vero
586 1046 702 1082 quam
729 1035 830 1072 male
863 1035 975 1084 volgo
997 1049 1031 1073 v.
1052 1035 1103 1072 95
1131 1036 1285 1085 legatur

1039 1103 1104 1148 ἀπ’
1134 1102 1365 1161 ὀφθαλμοῖο
1393 1107 1554 1161 βολάων

736 1181 884 1229 ἕλκος
912 1178 1138 1222 ὀλισθαίνει
1165 1184 1232 1223 καὶ
1261 1184 1325 1224 ἐπὶ
1354 1186 1507 1237 φρένας
1534 1183 1684 1237 ἀνδρὸς
1712 1185 1858 1242 ὁδεύει,

276 1254 488 1294 rectissime
515 1256 713 1305 perspexit
738 1256 955 1306 Lennepius
984 1269 1031 1296 ex
1058 1258 1387 1306 antecedentibus,
1415 1273 1515 1311 quae
1543 1264 1765 1312 apposuisse
1789 1266 1883 1305 satis
1910 1271 1989 1306 est:

746 1326 889 1376 κάλλος
915 1326 993 1381 γὰρ
1022 1334 1273 1382 περίπυστον
1301 1329 1530 1386 ἀμωμήτοιο
1558 1334 1748 1387 γυναικὸς

746 1400 939 1455 ὀξύτερον
966 1401 1184 1456 μερόπεσσι
1212 1407 1323 1447 πέλει
1351 1407 1588 1462 πτερόεντος
1615 1407 1764 1451 ὀιστοῦ·

744 1475 958 1529 ὀφθαλμὸς
985 1476 1020 1518 δ’
1050 1476 1143 1527 ὁδός
1166 1481 1289 1531 ἐστιν,

272 1550 374 1589 unde
412 1551 497 1600 quis
532 1564 607 1591 non
642 1552 746 1591 videt
781 1553 927 1592 oculari
968 1554 1031 1593 via
1071 1555 1196 1605 ipsam
1231 1556 1672 1606 pulchritudinem
1710 1561 1822 1611 quasi
1858 1562 1979 1601 telum
2001 1564 2041 1602 in
2078 1565 2150 1604 viri
2184 1572 2317 1617 pectus

272 1624 531 1664 descendere?
582 1627 635 1665 Et
661 1623 849 1673 κάλλος
876 1641 947 1677 pro
976 1628 1089 1675 ἕλκος
1124 1635 1283 1679 praeter
1309 1632 1346 1670 P
1369 1632 1454 1681 jam
1481 1635 1742 1682 praebuerant
1771 1636 1877 1675 codd.
1910 1637 2085 1678 Vossian.
2115 1640 2250 1680 Venet.
2278 1647 2318 1681 et

270 1697 503 1747 Bodlejanus
532 1700 567 1737 B
579 1714 589 1744 ;
617 1700 785 1738 alterum
812 1714 902 1739 vero
930 1705 1065 1740 contra
1092 1702 1330 1752 Lennepium
1359 1707 1553 1744 revocavit
1580 1708 1826 1746 Heinrichius
1853 1712 2088 1750 assentiente
2116 1713 2317 1753 Passovio!

396 1772 608 1821 Neminem,
636 1787 699 1814 res
726 1775 766 1813 in
793 1775 1004 1825 virginibus
1032 1789 1162 1816 amore
1191 1777 1407 1818 sollicitatis
1436 1780 1540 1819 haud
1569 1794 1656 1821 raro
1684 1783 1888 1823 observata
1916 1798 1948 1823 v.
1981 1787 2058 1825 104
2069 1800 2124 1837 sq.

1034 1849 1080 1887 ἐν
1107 1845 1251 1902 ἡσυχίῃ
1280 1851 1325 1891 δὲ
1353 1853 1420 1892 καὶ
1447 1850 1547 1905 αὐτὴ

776 1919 963 1968 πολλάκις
991 1920 1230 1973 ἱμερόεσσαν
1258 1922 1330 1976 ἑὴν
1358 1923 1593 1976 ἀπέκρυψεν
1622 1925 1791 1980 ὀπωπήν

267 2005 385 2043 quam
420 2006 556 2043 parum
592 1994 719 2034 Herus
755 1995 869 2046 hujus
905 1997 1087 2048 obsequio
1123 1999 1340 2040 luculenter
1376 2003 1568 2053 descripto
1605 2006 1823 2051 conveniat,
1859 2008 2102 2056 perspexisse
2139 2011 2315 2059 profecto

266 2066 406 2106 mirum
434 2071 511 2107 est:
538 2067 633 2107 haec
660 2069 761 2108 enim
788 2067 854 2108 καὶ
883 2065 986 2122 αὐτή
1013 2072 1106 2122 quid
1135 2072 1180 2112 έν
1207 2069 1353 2126 ἡσυχίῃ
1381 2075 1534 2124 fecerit,
1573 2078 1681 2127 quasi
1713 2079 1797 2127 jam
1838 2080 2008 2120 Leandri
2044 2085 2248 2125 conamine
2278 2100 2312 2126 v.

272 2141 345 2178 101
361 2153 415 2191 sq.
443 2140 633 2192 descfipto

646 2213 739 2264 λοξὰ
765 2213 799 2255 δ’
829 2212 1035 2257 ὀπιπεύων
1073 2217 1240 2271 δολερᾶς
1276 2222 1445 2271 ἐλέλιξεν
1481 2220 1660 2274 ὀπωπάς,

645 2287 894 2341 νεύμασιν
922 2287 1244 2344 ἄφθόγγοισι
1272 2294 1538 2346 παραπλάζων
1567 2299 1700 2348 φρένα
1728 2298 1878 2352 κούρης

262 2361 431 2402 nondum
459 2363 553 2404 satis
580 2363 721 2404 diserte
747 2365 961 2413 indicasset,
988 2366 1190 2409 Nonniano
1216 2384 1320 2410 more
1348 2371 1547 2413 luxurians
1576 2374 1727 2415 addidit
1755 2379 1871 2426 poeta
1899 2392 1932 2417 v.
1959 2380 2034 2418 106
2047 2394 2102 2431 sq.

706 2435 923 2490 νεύμασι
949 2442 1312 2493 λαθριδίοισιν
1340 2440 1646 2496 ὖπαγγελέουσα
1682 2446 1881 2504 Λεάνδρῳ

705 2512 771 2552 καὶ
798 2509 916 2552 πάλιν
942 2509 1264 2556 οἶντέκλινεν.

259 2584 346 2624 Non
373 2586 493 2636 igitur
519 2587 597 2627 sive
625 2588 800 2627 manibus
829 2589 906 2627 sive
933 2594 1037 2628 veste
1064 2591 1305 2631 abscondidit
1330 2593 1481 2641 faciem,
1509 2597 1577 2634 sed
1604 2603 1741 2647 aperto
1770 2600 1878 2639 voltu
1896 2601 2171 2643 adolescentuli
2198 2606 2304 2645 nuti-

257 2658 329 2698 bus
356 2660 563 2711 respondit.
591 2661 712 2702 Unice
736 2676 869 2702 verum
895 2676 976 2702 esse
1003 2668 1114 2715 patet
1141 2664 1199 2705 ἐπ
1212 2665 1429 2719 έκυψεν,
1457 2671 1560 2720 quod
1586 2671 1661 2711 duo
1680 2673 1845 2713 Roeveri
1873 2676 2022 2716 codices
2050 2678 2089 2716 in
2116 2681 2304 2730 margine,

255 2733 294 2773 P
321 2747 411 2775 vero
437 2735 478 2775 in
503 2736 587 2788 ipso
613 2740 723 2777 textu
749 2737 879 2786 habet,
905 2738 1030 2779 latens
1057 2739 1153 2780 illud
1181 2742 1300 2782 etiam
1327 2743 1368 2783 in
1395 2744 1516 2784 trium
1535 2745 1709 2786 codicum
1736 2750 1959 2800 corruptela
1987 2749 2046 2790 ἐπ
2057 2752 2143 2803 ε’κρ
2157 2762 2300 2801 υψεν.

254 2807 457 2850 Passovius
485 2809 639 2862 quidem
666 2812 898 2864 correptioni
921 2812 1075 2855 Atticae
1102 2817 1369 2859 tantummodo
1405 2818 1566 2861 infestus
1604 2821 1837 2873 ἔκρυψεν
1875 2838 1922 2864 ex
1959 2824 2174 2869 Hermanni
2210 2842 2302 2870 con-

248 2882 404 2934 jectura
431 2885 604 2936 scripsit!

2028 2964 2063 2997 11
