2692 3515
1200 312 1463 353 -v1—

315 444 554 477 excusarem,
583 431 646 470 vix
674 444 769 481 opus
798 430 1011 469 videbatur.
1041 430 1203 470 Omnem
1232 431 1333 469 enim
1353 430 1595 481 antiquitatis
1624 430 1833 475 scientiam,
1863 429 1941 468 sive
1961 429 2010 468 ad
2035 442 2096 468 res
2124 429 2215 468 belli
2234 429 2357 469 domi-

315 519 389 554 que
417 510 547 556 gestas
572 519 779 555 omnesque
808 510 848 544 et
875 506 1050 556 publicas
1079 510 1119 544 et
1145 506 1317 556 privatas
1354 507 1599 555 antiquorum
1635 505 1829 544 hominum
1867 505 2036 543 rationes
2073 505 2357 554 cognoscendas

314 580 394 619 sive
423 579 472 620 ad
502 585 675 620 veterum
694 582 897 631 po'e‘tarum
918 579 1157 630 aliorumque
1186 579 1403 620 delectandi
1431 579 1635 619 docendive
1663 579 1933 630 magistrorum
1961 582 2085 618 artem
2121 578 2356 629 perspicien-

315 653 407 694 dam
436 654 515 694 sive
544 654 594 694 ad
622 655 707 706 ipsa
732 653 925 694 artificum
954 654 1019 704 qui
1047 654 1202 704 proprie
1231 654 1359 693 vocari
1388 654 1510 693 solent
1538 666 1656 705 opera
1693 652 1952 705 percensenda
1986 653 2199 704 pertineat,
2236 665 2355 691 unum

315 728 461 767 habere
489 733 637 767 certum
666 729 957 766 fundamentum
986 728 1024 764 in
1054 731 1225 765 veterum
1255 733 1586 767 monumentorum
1614 728 1753 766 litteris
1782 732 2050 778 conceptorum
2073 728 2179 777 justa
2197 739 2357 765 accura-

317 808 435 852 taque
464 804 781 852 interpretatione
808 801 1007 853 {positum,
1047 815 1145 850 quae
1173 803 1444 852 interpretatio
1472 802 1619 851 sejungi
1656 807 1822 850 nequeat
1857 816 1881 839 a
1909 807 2175 852 corruptorum
2201 802 2357 840 mutila-

317 882 491 916 torumve
538 877 705 915 locorum
753 876 997 925 inquisitione
1045 880 1084 915 et
1131 876 1418 920 emendatione,
1471 876 1508 914 id
1554 890 1640 914 cum
1691 876 1859 914 omnium
1909 877 2121 926 peritorum
2172 890 2356 916 consensu

317 950 607 1001 comprobetur,
654 961 722 987 nos
768 960 919 999 quoque
958 948 1046 988 huic
1085 948 1389 989 administrando
1433 949 1632 989 conventui
1668 961 1692 988 a
1730 948 1847 988 Vobis
1894 949 1987 1000 ipsis
2024 950 2209 1001 praefecti
2246 962 2356 989 omne

315 1026 449 1063 tulisse
486 1028 669 1073 punctum
706 1024 816 1061 nobis
853 1024 925 1061 visi
963 1037 1115 1067 sumus,
1145 1025 1176 1061 si
1213 1025 1342 1062 unitae
1380 1025 1616 1073 geminarum
1653 1024 1791 1061 harum
1818 1024 2106 1074 disciplinarum
2135 1026 2356 1063 tractationi

315 1105 459 1137 certam
488 1099 700 1136 communis
722 1100 844 1136 nostri
873 1105 1082 1137 conventus
1112 1101 1384 1137 sectionem
1414 1100 1951 1146 critico-exegeticam
1979 1100 2145 1137 barbaro
2174 1113 2264 1138 sane
2288 1114 2356 1138 no-

312 1174 413 1212 mine
442 1173 666 1223 insignitam
695 1173 1045 1212 destinavissemus.
1076 1173 1146 1213 Cui
1166 1174 1322 1213 sectioni
1342 1188 1388 1212 ne
1410 1175 1447 1212 in
1467 1187 1561 1212 novo
1580 1173 1753 1223 exemplo
1772 1173 1992 1224 disputandi
2012 1175 2176 1213 materia
2194 1174 2356 1222 deesset,

311 1262 356 1287 eo
384 1248 510 1298 magis
538 1247 633 1286 mihi
662 1248 734 1298 ipsi
760 1247 909 1287 concilii
938 1248 1059 1287 nostri
1088 1247 1255 1298 praesidi
1294 1247 1503 1287 curandum
1532 1247 1742 1294 videbatur,
1780 1261 1866 1287 cum
1895 1248 2106 1294 amborum,
2143 1262 2237 1299 qnos
2266 1263 2355 1289 con-

312 1327 449 1362 ventus
479 1322 735 1362 Hannoverae
764 1321 920 1361 habitus
950 1322 1043 1361 mihi
1073 1322 1222 1361 addidit
1260 1323 1578 1373 exoptatissimus,
1607 1322 1822 1372 adjutorum
1859 1324 1984 1374 prior,
2022 1323 2288 1375 archaelogiae
2316 1325 2354 1363 in

311 1397 565 1436 universitate
595 1401 727 1434 nostra
754 1395 967 1446 professor,
1006 1397 1082 1434 duo
1119 1398 1216 1435 artis
1245 1410 1363 1447 opera
1392 1398 1429 1435 in
1455 1397 1515 1435 his
1554 1398 1645 1447 ipsis
1683 1398 1896 1447 regionibus
1934 1398 2089 1436 inventa
2124 1399 2354 1448 imaginibus

310 1472 403 1510 solis
418 1471 590 1520 lucisque
606 1483 676 1519 ope
696 1470 887 1519 expressis
902 1469 1151 1519 proponenda
1170 1471 1520 1520 commentarioque
1540 1471 1589 1509 ad
1609 1476 1779 1509 veterum
1798 1472 2017 1522 religionem
2046 1476 2243 1522 spectante
2266 1472 2355 1510 illu-

313 1546 476 1585 stranda
496 1546 568 1584 sibi
596 1546 832 1595 sumpsisset,
862 1546 1051 1595 posterior
1080 1558 1181 1590 vero,
1211 1545 1324 1596 Lycei
1355 1546 1475 1584 nostri
1504 1550 1641 1590 rector,
1670 1547 1866 1596 quominus
1894 1547 1974 1597 ipse
2003 1547 2188 1585 scriberet
2206 1547 2355 1586 valetu-

266 1612 274 1621 ’
311 1621 401 1660 dine
439 1620 645 1671 impeditus
673 1619 981 1659 dissertationem
1011 1619 1128 1658 Vobis
1156 1617 1295 1658 offerre
1325 1620 1586 1659 constituisset
1613 1633 1638 1659 a
1665 1619 1894 1671 collegarum
1913 1634 1999 1667 uno,
2029 1634 2143 1672 quem
2162 1626 2201 1662 et
2229 1622 2353 1673 ipsum

312 1694 408 1733 mihi
438 1694 791 1744 conjunctissimum
821 1706 903 1732 esse
931 1694 1091 1744 gaudeo,
1119 1693 1166 1731 de
1196 1693 1465 1744 Aristophanis
1494 1694 1632 1733 Avium
1661 1694 1817 1733 consilio
1853 1699 1891 1733 et
1924 1695 2049 1734 indole
2087 1697 2353 1747 conscriptam.

313 1771 376 1808 Ita
403 1782 495 1808 sane
524 1768 594 1807 hoc
624 1768 778 1818 quidem
806 1766 966 1818 pacifico
994 1768 1276 1806 Tricarano
1304 1767 1408 1806 haud
1436 1768 1590 1807 inficeto
1618 1770 1899 1819 repraesentari
1935 1770 2135 1809 videbatur
2173 1771 2257 1821 ipsa
2284 1770 2352 1808 illa

313 1845 534 1883 arctissima
562 1843 792 1892 conjunctio,
821 1855 937 1891 quam
974 1842 1262 1891 quaestionibus
1289 1843 1336 1880 de
1365 1848 1538 1881 veterum
1566 1848 1651 1881 arte
1680 1856 1767 1881 cum
1804 1844 1842 1881 in
1870 1845 2065 1883 statuariis
2102 1845 2351 1895 pictoriisque

313 1917 494 1967 operibus
523 1920 606 1955 tum
633 1917 671 1954 in
701 1915 934 1954 carminibus
963 1915 1273 1965 orationibusque
1310 1917 1514 1966 conspicua
1552 1917 1795 1956 instituendis
1832 1932 1917 1956 cum
1953 1919 2122 1968 ipsorum
2150 1923 2350 1957 auctorum

314 1991 468 2041 scriptis
496 1994 536 2028 et
564 1989 637 2028 rite
661 1988 900 2039 explicandis
928 1993 968 2027 et
1005 1993 1108 2027 recte
1136 1989 1382 2028 emendandis
1418 1991 1634 2029 necessario
1671 1991 1907 2030 intercedere
1943 1992 2054 2031 modo
2090 1992 2349 2031 indicavimus.

312 2064 423 2103 Hanc
451 2064 577 2114 ipsam
606 2075 695 2101 vero
724 2062 995 2101 necessitatem
1024 2075 1098 2100 non
1137 2063 1216 2101 sine
1253 2063 1417 2112 quodam
1445 2063 1664 2103 litterarum
1692 2069 1911 2103 nostrarum
1938 2064 2167 2105 detrimento
2194 2065 2347 2117 neglegi

311 2137 436 2176 adhuc
465 2136 659 2175 interdum
689 2136 861 2174 videmus
886 2137 954 2179 ita,
982 2140 1038 2179 ut,
1067 2136 1159 2173 dum
1181 2136 1433 2174 severioribus
1461 2137 1663 2189 philologis
1682 2152 1800 2177 unum
1820 2151 1914 2189 opus
1942 2143 2001 2177 est
2019 2139 2168 2189 singula
2186 2140 2348 2190 scripto-

309 2225 395 2250 rum
424 2212 543 2249 verba
570 2212 703 2249 rimari
732 2210 982 2260 interpretari
1012 2210 1239 2254 emendare,
1276 2211 1529 2259 elegantiores
1566 2213 1631 2262 qui
1670 2226 1752 2251 sese
1776 2213 1927 2263 jactare
1954 2213 2076 2251 solent
2103 2213 2273 2252 homines
2300 2214 2348 2253 de

308 2287 556 2337 antiquorum
584 2287 787 2336 poetarum
816 2284 1085 2335 artificumque
1114 2284 1288 2323 sollertia
1316 2284 1481 2324 consiliis
1518 2286 1722 2326 virtutibus
1759 2286 1972 2338 „ampullas
2000 2292 2039 2327 et
2065 2288 2348 2340 sesquipedalia

308 2360 451 2399 verba“
479 2360 714 2411 profundant
741 2372 851 2398 suam
880 2359 1034 2409 quidem
1053 2372 1129 2397 non
1148 2359 1271 2398 solum
1300 2360 1434 2409 suique
1454 2360 1634 2400 similium
1661 2361 1728 2400 sed
1746 2362 1865 2401 etiam
1887 2362 2084 2402 irrisorum
2111 2363 2150 2401 in
2177 2363 2346 2403 delecta-

308 2435 463 2478 tionem,
492 2435 684 2473 neminem
713 2437 856 2478 tamen,
885 2434 949 2482 qui
980 2433 1097 2472 sobrii
1122 2434 1173 2472 sit
1195 2432 1345 2483 judicii,
1373 2433 1582 2483 quidquam
1620 2436 1702 2473 sani
1739 2435 1919 2474 edocturi.
1973 2436 2056 2476 Hoc
2093 2437 2210 2487 igitur
2237 2439 2346 2488 quasi

307 2509 623 2548 Hermeneutices
651 2506 887 2558 Criticesque
915 2520 1005 2547 cum
1034 2507 1259 2547 Aesthetica
1286 2512 1404 2558 atque
1438 2507 1608 2548 Historia
1645 2509 1775 2549 foedus
1799 2523 1995 2561 speramus
2023 2510 2103 2550 fore
2130 2516 2173 2551 ut
2200 2512 2239 2550 in
2266 2511 2347 2551 dies

307 2583 454 2622 firmius
482 2582 686 2632 colligetur
713 2581 903 2632 latiusque
931 2581 1182 2621 extendatur!

433 2657 524 2697 Jam
538 2655 791 2707 perlustranti
806 2656 900 2695 mihi
915 2656 1151 2701 criticorum,
1181 2667 1280 2706 quae
1299 2655 1398 2695 forte
1419 2656 1457 2695 in
1473 2656 1647 2697 manibus
1667 2661 1788 2704 erant,
1808 2659 2048 2698 conaminum
2068 2659 2206 2698 seriem
2220 2659 2347 2709 primo

306 2731 388 2771 loco
403 2731 512 2782 quasi
526 2731 629 2771 ultro
643 2729 774 2771 offerri
788 2729 992 2771 videbatur
1010 2730 1265 2770 bibliothecae
1284 2734 1438 2770 nostrae
1454 2731 1652 2772 Palatinae
1671 2732 1881 2783 antiquitus
1900 2732 2171 2773 celeberrimae
2191 2733 2279 2773 cod
2290 2745 2345 2772 ex

306 2817 449 2845 manu
483 2806 711 2857 scriptus
748 2817 909 2845 numero
936 2806 988 2845 43
1017 2805 1211 2856 signatus,
1250 2806 1315 2856 qui
1350 2806 1452 2846 inter
1477 2806 1555 2846 alia
1587 2807 1731 2858 scripta
1750 2807 1866 2847 etiam
1886 2807 2125 2848 notissimum
2152 2808 2344 2848 Musaei

305 2879 361 2918 de
389 2880 550 2919 Herus
577 2885 625 2920 et
653 2880 874 2920 Leandri
902 2880 1158 2919 amoribus
1187 2893 1343 2920 carmen
1371 2881 1549 2921 continet.
1589 2881 1710 2929 Quem
1737 2882 1904 2922 codicem
1923 2895 2010 2922 cum
2028 2883 2205 2923 instituta
2223 2894 2346 2933 nuper
