2692 3515
1222 263 1508 303 -XX-

334 386 379 421 ut
406 381 539 420 (1811αο
567 379 629 419 vel
643 378 711 419 illa
726 378 950 430 conjectura
976 391 1129 419 mecum
1147 379 1394 430 expostulare
1414 380 1446 419 si
1473 379 1612 430 quisin
1639 379 1857 419 sectione
1884 378 2061 420 critica
2083 379 2170 420 aliis
2188 380 2387 431 quaestio-

331 457 442 496 nibus
471 454 737 494 deficientibus
759 466 900 504 operae
915 454 1086 503 pretium
1100 455 1328 505 putavisset,
1348 454 1559 494 sententiae
1580 466 1690 493 meae
1703 457 1934 504 argumenta
1948 467 2123 494 sermone
2138 454 2385 505 explicarem.

331 531 377 570 In
402 529 476 569 hac
505 529 624 580 igitur
651 527 771 567 libelli
798 531 911 578 parte
940 531 1153 578 antequam
1181 528 1347 580 amplius
1380 526 1606 579 progrediar
1638 527 1689 568 ab
1722 528 1806 579 ipso
1833 528 1992 568 Musaeo
2018 529 2172 569 initium
2198 528 2385 576 facturus,

330 617 379 644 118
417 603 516 644 vafii
553 602 735 643 causidici
778 615 885 641 more
923 602 1065 642 codicis
1101 604 1225 642 nostri
1262 604 1362 643 bona
1397 601 1653 652 expromendo
1690 602 1795 641 mala
1839 602 2067 642 occultando
2098 603 2205 654 justo
2246 603 2385 642 melius

331 677 379 717 de
408 677 491 729 ejus
513 676 640 715 indole
663 675 853 727 judicium
868 676 1136 727 propinavisse
1164 676 1308 723 videar,
1331 676 1414 727 jam
1442 687 1702 726 quascumque
1729 675 1897 716 nondum
1927 690 1975 717 ex
2010 690 2055 717 eo
2082 677 2198 718 attuli
2216 678 2386 729 scriptu-

331 765 396 790 ras
424 750 610 790 adnotare
638 749 768 800 placet
796 751 922 789 textui
950 751 1185 790 Passoviano
1212 750 1382 790 collatas.
1419 750 1463 788 In
1490 749 1627 800 quibus
1655 762 1892 800 quamquam
1919 751 2027 799 nihil,
2064 751 2166 802 quod
2189 750 2292 802 frugi
2319 751 2382 799 sit,

331 825 498 876 amplius
513 825 677 863 inveniri
690 823 949 874 praefandum
965 828 1037 872 est,
1058 825 1130 865 hoc
1143 838 1261 864 unum
1277 829 1406 864 tamen
1425 837 1471 864 ex
1491 823 1622 863 multis
1640 823 1724 875 ejus
1738 824 1933 864 erroribus
1954 826 2133 877 vitiisque
2153 826 2387 878 perspicitur

331 912 419 939 eum
447 912 523 938 non
550 912 575 938 a
602 898 715 937 docto
742 902 929 938 nasutove
961 899 1122 938 librario
1155 899 1221 938 sed
1245 912 1268 938 a
1296 898 1465 949 simplice
1486 911 1561 937 non
1579 898 1692 937 nimis
1712 898 1897 950 diligente
1925 900 2052 940 scriba
2070 904 2275 940 exaratum
2290 913 2385 940 esse.

461 972 659 1020 Quasdam
696 973 882 1011 minutias
919 972 1091 1012 breviter
1127 973 1295 1012 indicare
1323 973 1416 1012 satis
1452 976 1520 1012 est.
1575 972 1636 1012 Ita
1674 976 1896 1012 constanter
1933 972 2032 1012 ἰῶτα
2069 974 2387 1014 subscribendum

331 1047 546 1093 omittitur3
574 1050 618 1086 ut
645 1047 685 1085 in
713 1046 829 1086 titulo
857 1046 914 1085 ita
943 1047 1063 1086 etiam
1091 1061 1123 1086 V.
1141 1048 1191 1086 70
1219 1051 1258 1087 et
1285 1047 1331 1086 81
1364 1042 1472 1096 Ἡρῶ
1498 1059 1572 1086 11011
1594 1041 1702 1097 Ἡρώ
1729 1051 1769 1086 et
1794 1061 1828 1086 v.
1856 1047 1906 1086 98
1935 1046 2036 1087 αἰδῶ
2062 1061 2139 1087 11011
2162 1045 2262 1088 aldai
2290 1050 2387 1088 scri-

331 1122 457 1167 bitur3
485 1121 682 1172 particula
709 1121 759 1159 δέ
784 1121 982 1160 interdum
1010 1121 1121 1171 quasi
1149 1120 1325 1159 enclitica
1352 1124 1511 1159 accentu
1535 1120 1721 1171 privatur.

459 1196 517 1235 De
546 1196 712 1235 caeteris
737 1195 826 1246 jam
856 1195 1023 1234 indicem
1050 1194 1231 1244 subjicio:

463 1270 482 1307 1
514 1268 581 1309 ἐπὶ
607 1266 805 1321 μάρτυρα.
864 1270 913 1308 12
940 1283 982 1308 τε
1003 1264 1193 1318 φύλαξεν.
1247 1268 1294 1307 19
1323 1266 1524 1320 φλέξας]
1555 1264 1765 1318 φυλλάξας.
1811 1269 1861 1307 23
1889 1263 2287 1319 ἴκελοι-περάσαις.
2324 1269 2376 1308 28

332 1339 447 1381 πόθι·.
496 1344 548 1381 33
577 1339 660 1382 ἀλλ’
690 1339 727 1394 ἡ.
780 1343 830 1382 38
860 1341 1111 1393 ίλασσομένη.
1162 1342 1215 1381 40
1243 1336 1446 1392 φλογερὰν
1473 1337 1677 1393 τρομέουσ’
1707 1337 1939 1393 ἀφροδίτην.
1981 1343 2030 1381 41
2061 1340 2159 1393 πυρὶ
2186 1341 2387 1389 πνέοντας

334 1417 376 1467 (ε’
401 1430 521 1456 manu
549 1417 721 1456 secunda
748 1418 787 1455 in
816 1418 855 1455 εί
877 1416 1078 1465 correcto).
1125 1416 1177 1454 42
1205 1411 1398 1466 Κύπριδϊ,
1426 1410 1460 1466 ἣ.
1510 1415 1562 1454 45
1589 1413 1846 1456 ναιετάεσκον
1873 1412 2120 1467 ἆλιτρεφέων
2148 1412 2296 1468 σφηρά.
2332 1417 2386 1456 46

334 1486 593 1542 ἆφαιμονίης.
622 1492 673 1529 47
699 1493 931 1540 Κυθείρων.
962 1491 1012 1528 49
1042 1486 1168 1540 ἑορτή.
1197 1489 1249 1528 52
1278 1485 1586 1541 ἆμαρτήσαντες.
1615 1490 1667 1530 53
1696 1487 1941 1531 σπεύδουσιν
1969 1486 2123 1542 ἑορτάσ.
2153 1491 2205 1531 54
2232 1486 2388 1542 ἀγειρό-

1244 1554 1266 1574 α

336 1644 463 1681 μενοι.
509 1629 562 1668 56
592 1625 940 1679 ἐπαστράπτουσα.
980 1628 1030 1667 59
1059 1625 1197 1681 τάχα]
1225 1598 1303 1668 τῖκῦ
1324 1628 1447 1680 (8101).
1477 1629 1528 1668 65
1556 1597 1760 1681 ὀφθαλμΐυ.
1812 1630 1860 1668 67
1882 1629 2077 1690 πολλῶν.
2122 1631 2170 1670 71
2209 1625 2270 1682 ἥδ’
2306 1625 2387 1682 ἄρα

338 1725 432 1765 aaz}
464 1726 682 1775 θέμεθλον.
723 1725 773 1763 76
802 1720 919 1763 οὔπω
944 1748 993 1754 -
1019 1721 1182 1774 νεήνιδα
1210 1721 1332 1775 αἰπήν
1360 1721 1401 1764 θ’
1429 1721 1589 1776 ἁπαλήν
1615 1739 1672 1764 τε.
1717 1726 1767 1764 86
1795 1721 1898 1765 ἆκλε.
1947 1727 1995 1765 87
2024 1725 2291 1778 κατατρέχειν.
2334 1726 2385 1766 89

338 1799 594 1850 περικαλλέα).
625 1800 674 1837 97
691 1799 837 1850 κραδίῃ
853 1798 975 1850 (sicl).
1010 1800 1084 1838 100
1098 1798 1231 1838 ποσὶν.
1262 1800 1337 1838 104
1365 1794 1564 1852 ἡσυχίῃ]
1594 1796 1710 1850 ἰσχύϊ.
1742 1800 1817 1838 106
1845 1799 2150 1851 ἐπαγγελέουσα.
2181 1802 2254 1841 107
2285 1795 2307 1839 ὃ
2335 1796 2385 1853 δ’]

338 1868 397 1913 ὃσ.
429 1873 503 1913 108
532 1867 602 1912 ὅτι,
634 1872 711 1911 115
740 1868 998 1924 έστενάχισεν
1020 1896 1064 1900 -
1096 1868 1236 1923 σιωπὴ.
1269 1873 1342 1912 119
1371 1869 1571 1912 ἐπικάθια.
1603 1875 1679 1913 120
1706 1870 1913 1924 ε’φάπτετο.
1943 1876 2015 1914 121
2046 1870 2279 1927 ἆνενήκατο.
2310 1876 2386 1915 122

337 1943 587 1986 ἄπειλέουσα.
620 1947 697 1986 124
724 1941 909 1985 ἀπόλιπε.
942 1947 1019 1986 126
1047 1946 1148 1993 θεᾶς
1175 1945 1262 1998 (sed
1290 1946 1341 1984 55
1369 1946 1496 1998 θεῆς).
1535 1948 1607 1987 131
1637 1943 1953 2002 ἁπειλείωσι]
1982 1948 2277 2001 ἐπεχθαίρουσι.
2310 1950 2386 1989 133

336 2018 490 2068 κύσσας
516 2026 632 2061 1·801;8.
683 2022 759 2060 134
787 2017 909 2060 πόθω
930 2045 974 2049 -—
992 2025 1169 2071 οἴστρου.
1221 2021 1295 2060 136
1324 2020 1569 2071 ἐπιχθονίων
1596 2022 1683 2073 (sed
1709 2022 1749 2061 111
1775 2022 1850 2062 fine
1874 2023 2086 2076 γυναιξΐν).
2130 2025 2206 2064 142
2232 2034 2382 2075 μυστη·

337 2093 495 2137 πόλευε.
525 2097 600 2136 143
631 2091 880 2145 ἆποδράσειν
907 2092 1145 2146 ἀφροδίτην.
1188 2096 1264 2133 144
1291 2093 1335 2133 δὲ
1363 2092 1547 2145 θελήσης.
1587 2095 1661 2134 145
1690 2092 1897 2147 δαήμεναι,
1926 2097 1993 2136 sed
2019 2095 2044 2148 ή
2071 2110 2188 2136 manu
2214 2096 2383 2137 secunda

335 2172 377 2211 in
405 2170 430 2222 ῆ
457 2174 651 2211 mutatum
679 2175 719 2210 et
745 2185 794 2222 με
820 2170 925 2210 linea
952 2169 1193 2210 transfixum.
1253 2168 1328 2208 148
1358 2168 1539 2219 οἰκέτην,
1576 2170 1677 2219 quod
1712 2170 1816 2209 haud
1852 2171 1930 2210 scio
1953 2184 2004 2210 an
2040 2171 2168 2221 glossa
2203 2172 2254 2210 sit
2280 2172 2384 2211 vocis

336 2245 544 2296 ἕπε’την,
581 2258 699 2295 quam
726 2257 798 2296 pro
831 2244 987 2295 volgato
1023 2244 1159 2295 ι”κέτην
1186 2243 1385 2283 verissime
1412 2243 1585 2283 restituit
1611 2243 1818 2283 Mauricius
1846 2244 1989 2295 Haupt.
2045 2244 2228 2285 Similiter
2255 2244 2384 2296 glossa

336 2321 479 2360 invasit
506 2334 540 2359 v.
571 2320 657 2359 185.
716 2320 793 2359 153
822 2316 883 2359 οὗ
911 2318 976 2371 σε]
1006 2310 1120 2358 οὖσα.
1172 2318 1249 2357 154
1275 2319 1535 2369 μελανίωνος.
1584 2317 1659 2356 159
1687 2314 1955 2368 παραπλάξας.
2001 2318 2073 2357 161
2103 2315 2382 2371 ἐρυθρόωσαν,

336 2393 602 2447 (scribendum
629 2393 703 2434 fuit
726 2390 1087 2444 ἐρευθιόωσαν)
1115 2389 1413 2432 ὑποκλέπουσα.
1457 2393 1532 2431 162
1560 2395 1749 2442 ἷχνεσσιν.
1802 2392 1875 2430 168
1904 2389 2047 2432 κάλλει.
2089 2392 2164 2431 169
2191 2394 2264 2443 ἔχε.
2306 2395 2382 2434 172

337 2463 564 2519 ἐνενήκατο.
606 2468 682 2507 173
710 2463 1002 2516 ὑποστάζουσα.
1045 2467 1120 2508 175
1148 2467 1295 2515 δίδαξε.
1338 2467 1414 2506 176
1442 2462 1640 2517 ἐκόμισεν.
1680 2466 1753 2504 177
1782 2463 1849 2519 δὲ]
1876 2463 1963 2516 γὰρ.
1994 2490 2043 2495 -
2072 2465 2267 2517 ἐφθέγξω.
2306 2470 2382 2508 179

337 2541 516 2581 πελᾶσαι.
558 2542 634 2581 182
659 2538 877 2582 δύνασθαι.
918 2542 994 2583 184
1020 2545 1135 2584 τελεῖ.
1175 2541 1251 2582 185
1279 2535 1373 2581 τεὸν
1399 2534 1581 2591 τοῦνομα
1606 2535 1701 2591 τεήν
1727 2554 1770 2580 τε
1797 2536 1963 2592 πάτρην.
2001 2541 2075 2581 201
2105 2536 2234 2595 τότε]
2260 2539 2381 2583 τόπω.

337 2618 416 2656 203
444 2614 613 2668 οἶδμα]
642 2615 760 2668 κῦμα.
799 2617 878 2657 204
905 2616 1051 2657 ἕπεται.
1095 2616 1174 2657 213
1202 2611 1280 2656 οὐκ
1306 2610 1459 2667 ὄψομαι
1486 2610 1615 2655 δύντα
1642 2618 1686 2656 ut
1712 2615 1865 2657 caeteri.
1910 2615 1988 2657 218
2016 2612 2266 2669 φαεσφόρου.
2303 2617 2382 2658 219

339 2693 376 2731 εἰ
410 2688 568 2730 ἐτεόνδε
596 2691 740 2739 θέλεις.
792 2693 871 2731 223
900 2689 1129 2741 φυλάττειν.
1181 2691 1261 2729 224
1287 2685 1402 2742 φάος.
1445 2690 1523 2729 228
1550 2686 1696 2741 βαλών.
1738 2691 1817 2731 235
1844 2690 2123 2744 φαεινομένων
2157 2695 2202 2732 ut
2227 2692 2383 2733 caeteri.

338 2766 417 2806 236
443 2761 679 2817 μαρτύρϊην.
722 2766 799 2805 237
829 2764 892 2818 τε]
922 2764 977 2804 δὲ.
1025 2768 1101 2806 241
1132 2761 1268 2816 λύχνω
1296 2763 1352 2804 δὲ
1378 2764 1588 2816 καιομένω.
1626 2766 1705 2805 244
1732 2765 2004 2816 προσλέλεκτο.
2043 2766 2122 2806 245
2149 2762 2380 2819 ἀμείλικτος.

339 2840 418 2882 254
445 2839 531 2881 αἰεὶ.
560 2841 638 2882 255
666 2840 778 2889 ναῦς.
808 2841 886 2881 256
910 2835 1018 2892 ‘Hom'
1046 2864 1099 2871 —-
1126 2837 1384 2892 φαεσφόροις.
1414 2841 1488 2880 261
1519 2840 1764 2893 νυμφίον]
1793 2844 1977 2891 νοσφίον.
2006 2842 2083 2881 263
2102 2841 2380 2892 παρθενῶνος.
