2692 3515
1247 824 1421 894 Viris

825 966 1140 1029 amplissimis
1163 972 1512 1025 eruditissimis
1533 977 1836 1037 gravissimis

788 1071 1305 1140 Heidelbergam
1350 1085 1882 1133 convenientibus

1054 1193 1319 1242 Arminius
1351 1196 1592 1262 Koechly

1301 1319 1354 1382 S.

439 1468 765 1521 Circumspicienti
792 1474 887 1513 mihi
913 1475 1054 1527 diuque
1082 1478 1323 1529 deliberanti,
1352 1482 1444 1533 quid
1469 1483 1713 1534 potissimum
1741 1487 1928 1527 materiae
1956 1487 2028 1528 hoc
2055 1489 2184 1531 libello
2204 1492 2349 1533 saluta-

311 1542 409 1582 torio
436 1545 679 1584 tractandum
706 1560 907 1596 sumerem,
936 1563 998 1589 res
1013 1551 1063 1590 ad
1081 1552 1359 1596 dubitationem
1385 1551 1565 1607 primum,
1593 1558 1730 1599 deinde
1750 1560 1800 1599 ad
1820 1561 2128 1612 sollicitudinem,
2155 1572 2349 1616 postremo

309 1615 361 1655 ad
388 1616 693 1668 desperationem
720 1621 866 1661 recidit.
923 1623 1005 1671 Quo
1034 1626 1186 1677 saepius
1213 1629 1315 1668 enim
1343 1634 1382 1669 et
1408 1631 1593 1670 intentius
1621 1631 1666 1671 ἐν
1693 1634 1835 1687 μακρῷ
1861 1632 1994 1690 χρόνῳ
2014 1635 2160 1686 νυκτὸς
2188 1638 2350 1693 διηγρύ-

307 1766 419 1806 nimis
445 1766 601 1807 inferius
628 1773 668 1808 et
694 1774 753 1809 tot
771 1774 928 1821 tamque
947 1773 1185 1814 diversarum
1205 1778 1453 1818 scientiarum
1472 1781 1780 1822 eminentissimis
1809 1784 2023 1825 cultoribus
2041 1789 2192 1836 pariter
2209 1804 2349 1841 accep-

306 1843 390 1880 tum
416 1844 456 1881 et
482 1841 609 1893 aliquo
637 1843 748 1884 modo
776 1857 863 1885 cum
890 1850 1045 1888 nostrae
1073 1849 1179 1889 urbis
1206 1855 1348 1893 natura
1376 1858 1445 1894 aut
1473 1855 1684 1895 rationibus
1705 1856 1951 1908 conjunctum
1977 1873 2047 1900 nec
2067 1875 2092 1901 a
2110 1864 2206 1903 meis
2226 1865 2348 1915 ipsius

306 1914 499 1955 laboribus
527 1928 612 1955 cum
639 1917 688 1957 ab
716 1918 825 1959 initio
844 1920 1057 1961 litterariae
1085 1924 1185 1964 vitae
1205 1925 1336 1966 electis
1365 1932 1448 1968 tum
1466 1929 1507 1969 in
1533 1929 1605 1969 hoc
1623 1930 1708 1981 ipso
1725 1936 1879 1971 nostrae
1907 1933 2168 1976 universitatis
2186 1951 2346 1980 munere

306 1990 490 2040 susceptis
518 1990 683 2030 alienum
710 1997 821 2040 esset,
849 2007 894 2032 eo
921 1996 1064 2036 certius
1089 1997 1129 2035 in
1157 2011 1204 2038 ea
1230 2005 1426 2050 postremo
1454 2006 1645 2044 sententia
1664 2005 1945 2046 subsistendum
1974 2009 2068 2048 mihi
2100 2014 2273 2062 cognovi,
2302 2020 2346 2054 ut

305 2077 423 2103 unum
450 2068 565 2115 atque
594 2065 797 2116 singulare,
825 2068 925 2118 quod
955 2069 1005 2109 ab
1032 2071 1206 2111 omnibus
1233 2075 1410 2125 partibus
1437 2091 1546 2117 meae
1575 2079 1763 2119 voluntati
1781 2081 2042 2132 responderet,
2070 2092 2344 2136 argumentum

304 2151 376 2178 nec
402 2139 443 2178 in
470 2143 580 2179 curta
607 2140 817 2180 studiorum
844 2156 1016 2183 meorum
1049 2146 1286 2196 supellectile
1323 2152 1477 2191 omnino
1512 2154 1672 2192 inveniri
1708 2167 1777 2193 nec
1806 2156 1896 2195 exili
1923 2157 2068 2208 ingenii
2095 2161 2171 2199 mei
2194 2162 2342 2202 medio-

302 2213 441 2253 critate
469 2214 542 2253 rite
570 2216 747 2254 exornari
764 2230 874 2266 posse
894 2231 1098 2259 censerem.
1126 2222 1188 2260 Ita
1215 2236 1302 2262 cum
1322 2227 1490 2274 quotidie
1509 2228 1631 2276 magis
1659 2229 1860 2278 magisque
1888 2230 1985 2270 illud
2004 2232 2152 2273 Solonis
2181 2236 2341 2275 πᾶσιν

304 2281 452 2327 ἁδεῖν
480 2284 706 2338 χαλεπόν
733 2289 992 2342 intellegerem
1018 2292 1059 2332 in
1077 2307 1163 2334 mea
1184 2296 1398 2338 conditione
1425 2299 1481 2338 ita
1507 2298 1648 2349 valere,
1676 2306 1720 2342 ut
1746 2303 1923 2344 omnibus
1942 2311 2012 2346 aut
2029 2321 2105 2348 uno
2133 2309 2245 2350 modo
2272 2316 2341 2352 aut

304 2363 453 2412 pariter
481 2367 549 2402 aut
576 2364 727 2402 omnino
754 2365 927 2415 placendi
955 2380 1040 2417 spes
1068 2369 1161 2408 mihi
1189 2384 1345 2420 prorsus
1381 2373 1606 2423 deponenda
1634 2382 1756 2423 esset,
1785 2382 1911 2426 certe,
1948 2386 1993 2420 ut
2020 2394 2138 2432 quam
2165 2384 2341 2434 plurimis

307 2417 440 2486 aliqua
467 2441 571 2476 certe
600 2451 647 2477 ex
673 2442 784 2488 parte
811 2439 1014 2490 placerem,
1041 2442 1134 2482 illud
1170 2443 1433 2485 dividendi
1461 2449 1682 2496 consilium,
1720 2453 1823 2501 quod
1860 2455 2198 2505 imperaturis
2223 2464 2339 2510 atque

301 2522 461 2561 magnas
489 2523 551 2550 res
580 2511 652 2551 sibi
680 2512 908 2564 subjectus-is
927 2515 1011 2554 dari
1029 2515 1136 2564 solet,
1162 2517 1202 2556 in
1229 2518 1444 2560 modestum
1461 2535 1590 2562 meum
1609 2528 1755 2564 statum
1782 2526 1840 2566 ita
1866 2528 2177 2571 transferendum
2194 2535 2340 2583 putavi,

300 2586 345 2622 ut
371 2596 419 2623 ex
447 2585 678 2635 criticis,
717 2600 812 2639 quas
849 2592 917 2629 aut
944 2589 1032 2630 olim
1067 2595 1135 2631 aut
1170 2605 1294 2644 nuper
1331 2594 1501 2645 institui,
1540 2599 2013 2645 exercitationibus
2051 2607 2194 2649 varia
2221 2607 2339 2650 Vobis

299 2671 553 2708 proponerem
581 2661 794 2712 Vestroque
817 2664 961 2714 judicio
989 2666 1216 2716 subjicerem
1244 2671 1535 2719 specimina.
1564 2675 1626 2712 Ita
1644 2679 1774 2713 autem
1792 2676 1908 2728 hujus
1927 2679 2048 2719 libelli
2066 2688 2338 2733 argumentum

298 2732 333 2771 si
359 2735 623 2775 tantummodo
650 2737 690 2776 in
716 2739 962 2789 antiquorum
981 2742 1209 2792 scriptorum
1227 2743 1319 2784 locis
1344 2745 1598 2797 dijudicandis
1625 2754 1741 2800 atque
1762 2753 2011 2794 emendandis
2037 2763 2257 2798 versaretur
2283 2782 2336 2790 —

299 2807 401 2857 quod
427 2821 546 2858 genus
574 2811 763 2852 scribendi
791 2826 882 2854 sane
909 2815 1012 2855 haud
1038 2816 1172 2868 ignoro
1191 2819 1419 2869 quibusdam
1445 2822 1649 2874 displicere
1668 2826 1914 2877 antiquitatis
1942 2830 2051 2880 quasi
2071 2844 2222 2872 summa
2248 2838 2335 2874 tan-

298 2884 381 2920 tam
400 2884 743 2937 amoenissimaque
763 2890 964 2930 cacumina
987 2892 1363 2943 supergredientibus
1391 2919 1454 2943 —‚
1480 2897 1521 2937 id
1548 2903 1592 2939 ut
1610 2899 1742 2940 multis
1761 2902 1887 2943 verbis
1907 2908 1976 2944 aut
1995 2903 2237 2947 defenderem
2266 2913 2337 2950 aut
