<?xml version="1.0" encoding="UTF-8"?>
<!DOCTYPE html PUBLIC "-//W3C//DTD XHTML 1.0 Transitional//EN"
    "http://www.w3.org/TR/xhtml1/DTD/xhtml1-transitional.dtd">
<html xmlns="http://www.w3.org/1999/xhtml" xml:lang="en" lang="en">
 <head>
  <title>
</title>
<meta http-equiv="Content-Type" content="text/html;charset=utf-8" />
  <meta name='ocr-system' content='tesseract 3.04.00' />
  <meta name='ocr-capabilities' content='ocr_page ocr_carea ocr_par ocr_line ocrx_word'/>
</head>
<body>
  <div class='ocr_page' id='page_1' title='image "./4771400_0030.png"; bbox 0 0 2692 3515; ppageno 0'>
   <div class='ocr_carea' id='block_1_1' title="bbox 1163 293 1486 335">
    <p class='ocr_par' dir='ltr' id='par_1_1' title="bbox 1163 293 1486 335">
     <span class='ocr_line' id='line_1_1' title="bbox 1163 293 1486 335; baseline 0 0"><span class='ocrx_word' id='word_1_1' title='bbox 1163 293 1486 335; x_wconf 86' lang='lat' dir='ltr'>—XXII—</span> 
     </span>
    </p>
   </div>
   <div class='ocr_carea' id='block_1_2' title="bbox 302 409 2359 1655">
    <p class='ocr_par' dir='ltr' id='par_1_2' title="bbox 302 409 2352 692">
     <span class='ocr_line' id='line_1_2' title="bbox 302 409 2350 465; baseline -0.004 -5"><span class='ocrx_word' id='word_1_2' title='bbox 302 419 349 462; x_wconf 91' lang='lat' dir='ltr'>Id</span> <span class='ocrx_word' id='word_1_3' title='bbox 375 418 491 459; x_wconf 84' lang='lat' dir='ltr'>fuisse</span> <span class='ocrx_word' id='word_1_4' title='bbox 520 416 672 458; x_wconf 85' lang='lat' dir='ltr'>videtur</span> <span class='ocrx_word' id='word_1_5' title='bbox 699 411 944 461; x_wconf 81' lang='grc' dir='ltr'><strong><em>ἀνέσαντες</em></strong></span> <span class='ocrx_word' id='word_1_6' title='bbox 972 426 1019 453; x_wconf 88' lang='lat' dir='ltr'>ex</span> <span class='ocrx_word' id='word_1_7' title='bbox 1048 411 1196 454; x_wconf 90' lang='lat' dir='ltr'>duobus</span> <span class='ocrx_word' id='word_1_8' title='bbox 1236 412 1398 453; x_wconf 83' lang='lat' dir='ltr'>Homeri</span> <span class='ocrx_word' id='word_1_9' title='bbox 1433 411 1525 453; x_wconf 89' lang='lat' dir='ltr'>locis</span> <span class='ocrx_word' id='word_1_10' title='bbox 1561 410 1849 464; x_wconf 87' lang='lat' dir='ltr'>depromptum:</span> <span class='ocrx_word' id='word_1_11' title='bbox 1885 410 1921 451; x_wconf 90' lang='lat' dir='ltr'>N</span> <span class='ocrx_word' id='word_1_12' title='bbox 1958 410 2056 459; x_wconf 80' lang='lat'><strong>657,</strong></span> <span class='ocrx_word' id='word_1_13' title='bbox 2091 409 2158 452; x_wconf 93' lang='lat' dir='ltr'>ubi</span> <span class='ocrx_word' id='word_1_14' title='bbox 2193 414 2350 465; x_wconf 87' lang='lat' dir='ltr'>proprio</span> 
     </span>
     <span class='ocr_line' id='line_1_3' title="bbox 305 480 2351 544; baseline -0.001 -12"><span class='ocrx_word' id='word_1_15' title='bbox 305 506 419 533; x_wconf 81' lang='lat' dir='ltr'>sensu</span> <span class='ocrx_word' id='word_1_16' title='bbox 445 493 573 544; x_wconf 87' lang='lat' dir='ltr'>ipsum</span> <span class='ocrx_word' id='word_1_17' title='bbox 600 489 848 542; x_wconf 80' lang='lat' dir='ltr'>participium</span> <span class='ocrx_word' id='word_1_18' title='bbox 885 488 1029 539; x_wconf 85' lang='lat' dir='ltr'>legitur</span> <span class='ocrx_word' id='word_1_19' title='bbox 1066 485 1106 534; x_wconf 77' lang='grc' dir='ltr'>ἐς</span> <span class='ocrx_word' id='word_1_20' title='bbox 1134 487 1285 539; x_wconf 77' lang='grc' dir='ltr'><strong><em>δίφρον</em></strong></span> <span class='ocrx_word' id='word_1_21' title='bbox 1314 482 1348 527; x_wconf 82' lang='grc' dir='ltr'>δ’</span> <span class='ocrx_word' id='word_1_22' title='bbox 1377 485 1662 535; x_wconf 77' lang='grc' dir='ltr'><strong><em>ἀνέσαντες</em></strong></span> <span class='ocrx_word' id='word_1_23' title='bbox 1690 481 1789 538; x_wconf 78' lang='grc' dir='ltr'><strong><em>ἅγον</em></strong></span> <span class='ocrx_word' id='word_1_24' title='bbox 1817 484 1933 538; x_wconf 78' lang='grc' dir='ltr'><strong><em>προτὶ</em></strong></span> <span class='ocrx_word' id='word_1_25' title='bbox 1948 480 2094 537; x_wconf 81' lang='grc' dir='ltr'><strong><em>Ἴλιον,</em></strong></span> <span class='ocrx_word' id='word_1_26' title='bbox 2132 491 2173 528; x_wconf 85' lang='lat' dir='ltr'>et</span> <span class='ocrx_word' id='word_1_27' title='bbox 2200 487 2238 533; x_wconf 79' lang='grc' dir='ltr'><strong><em>Ξ</em></strong></span> <span class='ocrx_word' id='word_1_28' title='bbox 2259 488 2351 537; x_wconf 82' lang='grc'><strong>209,</strong></span> 
     </span>
     <span class='ocr_line' id='line_1_4' title="bbox 306 556 2352 616; baseline -0.002 -8"><span class='ocrx_word' id='word_1_29' title='bbox 306 569 369 609; x_wconf 92' lang='lat' dir='ltr'>ubi</span> <span class='ocrx_word' id='word_1_30' title='bbox 400 567 588 608; x_wconf 78' lang='lat' dir='ltr'>translate</span> <span class='ocrx_word' id='word_1_31' title='bbox 616 566 655 605; x_wconf 92' lang='lat' dir='ltr'>in</span> <span class='ocrx_word' id='word_1_32' title='bbox 684 564 820 605; x_wconf 84' lang='lat' dir='ltr'>eadem</span> <span class='ocrx_word' id='word_1_33' title='bbox 848 577 890 603; x_wconf 90' lang='lat' dir='ltr'>re</span> <span class='ocrx_word' id='word_1_34' title='bbox 920 576 965 603; x_wconf 93' lang='lat' dir='ltr'>eo</span> <span class='ocrx_word' id='word_1_35' title='bbox 994 563 1112 603; x_wconf 84' lang='lat' dir='ltr'>verbo</span> <span class='ocrx_word' id='word_1_36' title='bbox 1141 564 1285 604; x_wconf 86' lang='lat' dir='ltr'>utitur:</span> <span class='ocrx_word' id='word_1_37' title='bbox 1323 564 1360 603; x_wconf 83' lang='grc' dir='ltr'>εἰ</span> <span class='ocrx_word' id='word_1_38' title='bbox 1385 564 1505 602; x_wconf 75' lang='grc' dir='ltr'><strong><em>κείνω</em></strong></span> <span class='ocrx_word' id='word_1_39' title='bbox 1541 586 1582 591; x_wconf 93' lang='lat'><em>-</em></span> <span class='ocrx_word' id='word_1_40' title='bbox 1613 563 1668 610; x_wconf 82' lang='grc' dir='ltr'>εἰς</span> <span class='ocrx_word' id='word_1_41' title='bbox 1695 557 1819 614; x_wconf 82' lang='grc' dir='ltr'><strong><em>εὐνὴν</em></strong></span> <span class='ocrx_word' id='word_1_42' title='bbox 1856 556 2101 615; x_wconf 71' lang='grc' dir='ltr'><strong><em>ἀνέσαιμι</em></strong></span> <span class='ocrx_word' id='word_1_43' title='bbox 2140 557 2352 616; x_wconf 79' lang='grc' dir='ltr'><strong><em>ὁμωθῆναι</em></strong></span> 
     </span>
     <span class='ocr_line' id='line_1_5' title="bbox 306 639 501 692; baseline -0.015 -10"><span class='ocrx_word' id='word_1_44' title='bbox 306 639 501 692; x_wconf 73' lang='grc' dir='ltr'><strong><em>φιλότητι.</em></strong></span> 
     </span>
    </p>

    <p class='ocr_par' dir='ltr' id='par_1_3' title="bbox 438 712 1535 766">
     <span class='ocr_line' id='line_1_6' title="bbox 438 712 1535 766; baseline -0.005 -11"><span class='ocrx_word' id='word_1_45' title='bbox 438 716 480 755; x_wconf 92' lang='lat' dir='ltr'>V.</span> <span class='ocrx_word' id='word_1_46' title='bbox 510 715 587 755; x_wconf 77' lang='lat'>235</span> <span class='ocrx_word' id='word_1_47' title='bbox 599 728 654 766; x_wconf 91' lang='lat' dir='ltr'>sq.</span> <span class='ocrx_word' id='word_1_48' title='bbox 684 714 756 754; x_wconf 92' lang='lat' dir='ltr'>hoc</span> <span class='ocrx_word' id='word_1_49' title='bbox 784 713 898 754; x_wconf 89' lang='lat' dir='ltr'>modo</span> <span class='ocrx_word' id='word_1_50' title='bbox 926 714 1091 765; x_wconf 86' lang='lat' dir='ltr'>scriptos</span> <span class='ocrx_word' id='word_1_51' title='bbox 1120 727 1144 753; x_wconf 89' lang='lat' dir='ltr'>a</span> <span class='ocrx_word' id='word_1_52' title='bbox 1164 712 1321 752; x_wconf 84' lang='lat' dir='ltr'>Musaeo</span> <span class='ocrx_word' id='word_1_53' title='bbox 1348 712 1535 752; x_wconf 84' lang='lat' dir='ltr'>arbitror:</span> 
     </span>
    </p>

    <p class='ocr_par' dir='ltr' id='par_1_4' title="bbox 756 781 1855 839">
     <span class='ocr_line' id='line_1_7' title="bbox 756 781 1855 839; baseline -0.005 -11"><span class='ocrx_word' id='word_1_54' title='bbox 756 784 945 839; x_wconf 74' lang='grc' dir='ltr'>ἀγγελίην</span> <span class='ocrx_word' id='word_1_55' title='bbox 974 784 1165 839; x_wconf 77' lang='grc' dir='ltr'><strong><em>ἀνέμιμνε</em></strong></span> <span class='ocrx_word' id='word_1_56' title='bbox 1196 782 1610 836; x_wconf 76' lang='grc' dir='ltr'><strong><em>πολυπλάγκτων</em></strong></span> <span class='ocrx_word' id='word_1_57' title='bbox 1638 781 1855 837; x_wconf 75' lang='grc' dir='ltr'><strong><em>ὑμεναίων,</em></strong></span> 
     </span>
    </p>

    <p class='ocr_par' dir='ltr' id='par_1_5' title="bbox 309 858 2357 1200">
     <span class='ocr_line' id='line_1_8' title="bbox 759 858 1800 915; baseline -0.004 -12"><span class='ocrx_word' id='word_1_58' title='bbox 759 867 987 915; x_wconf 78' lang='grc' dir='ltr'><strong><em>μαρτυρίην</em></strong></span> <span class='ocrx_word' id='word_1_59' title='bbox 1015 860 1176 913; x_wconf 85' lang='grc' dir='ltr'><strong><em>λύχνοιο</em></strong></span> <span class='ocrx_word' id='word_1_60' title='bbox 1206 861 1581 912; x_wconf 85' lang='grc' dir='ltr'><strong><em>φαεινομένοιο</em></strong></span> <span class='ocrx_word' id='word_1_61' title='bbox 1609 858 1800 902; x_wconf 79' lang='grc' dir='ltr'><strong><em>δοκεύων.</em></strong></span> 
     </span>
     <span class='ocr_line' id='line_1_9' title="bbox 316 934 2356 990; baseline -0 -14"><span class='ocrx_word' id='word_1_62' title='bbox 316 938 438 990; x_wconf 53' lang='lat' dir='ltr'>Volgo</span> <span class='ocrx_word' id='word_1_63' title='bbox 476 938 604 989; x_wconf 84' lang='lat' dir='ltr'>priore</span> <span class='ocrx_word' id='word_1_64' title='bbox 642 950 755 977; x_wconf 86' lang='lat' dir='ltr'>versu</span> <span class='ocrx_word' id='word_1_65' title='bbox 798 936 1081 990; x_wconf 84' lang='grc' dir='ltr'><strong><em>φαεινομένων</em></strong></span> <span class='ocrx_word' id='word_1_66' title='bbox 1120 937 1260 988; x_wconf 86' lang='lat' dir='ltr'>legitur</span> <span class='ocrx_word' id='word_1_67' title='bbox 1295 950 1319 976; x_wconf 89' lang='lat' dir='ltr'>a</span> <span class='ocrx_word' id='word_1_68' title='bbox 1359 934 1537 975; x_wconf 89' lang='lat' dir='ltr'>Passovio</span> <span class='ocrx_word' id='word_1_69' title='bbox 1572 934 1611 974; x_wconf 89' lang='lat' dir='ltr'>in</span> <span class='ocrx_word' id='word_1_70' title='bbox 1648 934 1946 988; x_wconf 85' lang='grc' dir='ltr'><strong><em>φαεινομένην</em></strong></span> <span class='ocrx_word' id='word_1_71' title='bbox 1982 945 2195 990; x_wconf 77' lang='lat' dir='ltr'>mutatum,</span> <span class='ocrx_word' id='word_1_72' title='bbox 2232 944 2356 985; x_wconf 65' lang='lat' dir='ltr'>altero</span> 
     </span>
     <span class='ocr_line' id='line_1_10' title="bbox 309 1009 2355 1065; baseline 0.004 -14"><span class='ocrx_word' id='word_1_73' title='bbox 309 1009 645 1060; x_wconf 75' lang='grc' dir='ltr'><strong><em>πολυκλαύστοιο,</em></strong></span> <span class='ocrx_word' id='word_1_74' title='bbox 674 1012 778 1061; x_wconf 91' lang='lat' dir='ltr'>quod</span> <span class='ocrx_word' id='word_1_75' title='bbox 806 1012 868 1050; x_wconf 91' lang='lat' dir='ltr'>hic</span> <span class='ocrx_word' id='word_1_76' title='bbox 897 1012 1052 1062; x_wconf 89' lang='lat' dir='ltr'>quidem</span> <span class='ocrx_word' id='word_1_77' title='bbox 1079 1024 1153 1049; x_wconf 89' lang='lat' dir='ltr'>non</span> <span class='ocrx_word' id='word_1_78' title='bbox 1177 1010 1351 1060; x_wconf 71' lang='lat' dir='ltr'>quadrat.</span> <span class='ocrx_word' id='word_1_79' title='bbox 1379 1009 1561 1047; x_wconf 86' lang='lat' dir='ltr'>Nostrum</span> <span class='ocrx_word' id='word_1_80' title='bbox 1587 1013 1627 1047; x_wconf 93' lang='lat' dir='ltr'>et</span> <span class='ocrx_word' id='word_1_81' title='bbox 1653 1023 1685 1047; x_wconf 90' lang='lat' dir='ltr'>v.</span> <span class='ocrx_word' id='word_1_82' title='bbox 1702 1011 1792 1059; x_wconf 80' lang='lat'>291,</span> <span class='ocrx_word' id='word_1_83' title='bbox 1819 1012 1918 1051; x_wconf 87' lang='lat' dir='ltr'>unde</span> <span class='ocrx_word' id='word_1_84' title='bbox 1937 1015 2075 1065; x_wconf 84' lang='lat' dir='ltr'>prioris</span> <span class='ocrx_word' id='word_1_85' title='bbox 2094 1029 2226 1058; x_wconf 83' lang='lat' dir='ltr'>versus</span> <span class='ocrx_word' id='word_1_86' title='bbox 2249 1018 2355 1059; x_wconf 86' lang='lat' dir='ltr'>clau-</span> 
     </span>
     <span class='ocr_line' id='line_1_11' title="bbox 311 1079 2357 1139; baseline 0.003 -14"><span class='ocrx_word' id='word_1_87' title='bbox 311 1088 436 1125; x_wconf 86' lang='lat' dir='ltr'>sulam</span> <span class='ocrx_word' id='word_1_88' title='bbox 476 1087 781 1136; x_wconf 83' lang='lat' dir='ltr'>desumpsimus,</span> <span class='ocrx_word' id='word_1_89' title='bbox 828 1091 868 1124; x_wconf 92' lang='lat' dir='ltr'>et</span> <span class='ocrx_word' id='word_1_90' title='bbox 909 1101 941 1124; x_wconf 88' lang='lat' dir='ltr'>v.</span> <span class='ocrx_word' id='word_1_91' title='bbox 980 1088 1052 1124; x_wconf 75' lang='lat'>211</span> <span class='ocrx_word' id='word_1_92' title='bbox 1094 1082 1242 1134; x_wconf 83' lang='grc' dir='ltr'><strong><em>λύχνον</em></strong></span> <span class='ocrx_word' id='word_1_93' title='bbox 1280 1108 1328 1111; x_wconf 82' lang='lat'>——</span> <span class='ocrx_word' id='word_1_94' title='bbox 1366 1079 1564 1133; x_wconf 75' lang='grc' dir='ltr'><strong><em>ἆνοὲφαινε</em></strong></span> <span class='ocrx_word' id='word_1_95' title='bbox 1601 1089 1717 1134; x_wconf 87' lang='lat' dir='ltr'>atque</span> <span class='ocrx_word' id='word_1_96' title='bbox 1750 1086 1830 1124; x_wconf 81' lang='lat'>239</span> <span class='ocrx_word' id='word_1_97' title='bbox 1864 1084 2013 1138; x_wconf 78' lang='grc' dir='ltr'><strong><em>λύχνον</em></strong></span> <span class='ocrx_word' id='word_1_98' title='bbox 2049 1091 2216 1139; x_wconf 84' lang='grc' dir='ltr'><strong><em>ἔφαινεν</em></strong></span> <span class='ocrx_word' id='word_1_99' title='bbox 2252 1105 2357 1133; x_wconf 87' lang='lat' dir='ltr'>com-</span> 
     </span>
     <span class='ocr_line' id='line_1_12' title="bbox 310 1160 527 1200; baseline -0.005 0"><span class='ocrx_word' id='word_1_100' title='bbox 310 1160 527 1200; x_wconf 81' lang='lat' dir='ltr'>mendatur.</span> 
     </span>
    </p>

    <p class='ocr_par' dir='ltr' id='par_1_6' title="bbox 311 1228 2357 1437">
     <span class='ocr_line' id='line_1_13' title="bbox 444 1228 2357 1286; baseline 0.003 -12"><span class='ocrx_word' id='word_1_101' title='bbox 444 1235 578 1274; x_wconf 60' lang='grc'><strong>11311</strong></span> <span class='ocrx_word' id='word_1_102' title='bbox 612 1247 681 1274; x_wconf 90' lang='lat' dir='ltr'>nec</span> <span class='ocrx_word' id='word_1_103' title='bbox 707 1233 809 1284; x_wconf 87' lang='lat' dir='ltr'>quod</span> <span class='ocrx_word' id='word_1_104' title='bbox 838 1234 947 1285; x_wconf 84' lang='lat' dir='ltr'>volgo</span> <span class='ocrx_word' id='word_1_105' title='bbox 975 1233 1114 1283; x_wconf 81' lang='lat' dir='ltr'>legitur</span> <span class='ocrx_word' id='word_1_106' title='bbox 1142 1230 1189 1283; x_wconf 79' lang='grc' dir='ltr'>δὴ</span> <span class='ocrx_word' id='word_1_107' title='bbox 1218 1228 1305 1271; x_wconf 84' lang='grc' dir='ltr'><strong><em>τότε</em></strong></span> <span class='ocrx_word' id='word_1_108' title='bbox 1335 1228 1557 1283; x_wconf 69' lang='grc' dir='ltr'><strong><em>Λείανδρός</em></strong></span> <span class='ocrx_word' id='word_1_109' title='bbox 1584 1247 1673 1284; x_wconf 78' lang='grc' dir='ltr'>περ</span> <span class='ocrx_word' id='word_1_110' title='bbox 1702 1248 1769 1273; x_wconf 88' lang='lat' dir='ltr'>nec</span> <span class='ocrx_word' id='word_1_111' title='bbox 1797 1236 1900 1286; x_wconf 90' lang='lat' dir='ltr'>quod</span> <span class='ocrx_word' id='word_1_112' title='bbox 1926 1238 2126 1280; x_wconf 85' lang='lat' dir='ltr'>Passovius</span> <span class='ocrx_word' id='word_1_113' title='bbox 2146 1255 2193 1281; x_wconf 84' lang='lat' dir='ltr'>ex</span> <span class='ocrx_word' id='word_1_114' title='bbox 2209 1242 2357 1285; x_wconf 78' lang='lat' dir='ltr'>Veneto</span> 
     </span>
     <span class='ocr_line' id='line_1_14' title="bbox 311 1306 2356 1360; baseline 0.004 -11"><span class='ocrx_word' id='word_1_115' title='bbox 311 1310 446 1350; x_wconf 88' lang='lat' dir='ltr'>intulit</span> <span class='ocrx_word' id='word_1_116' title='bbox 483 1306 532 1360; x_wconf 78' lang='grc' dir='ltr'>δὴ</span> <span class='ocrx_word' id='word_1_117' title='bbox 570 1306 660 1348; x_wconf 82' lang='grc' dir='ltr'><strong><em>τότε</em></strong></span> <span class='ocrx_word' id='word_1_118' title='bbox 688 1308 772 1348; x_wconf 84' lang='grc' dir='ltr'><strong><em>καὶ</em></strong></span> <span class='ocrx_word' id='word_1_119' title='bbox 801 1309 1023 1359; x_wconf 72' lang='grc' dir='ltr'><strong><em>Λειάνδρος</em></strong></span> <span class='ocrx_word' id='word_1_120' title='bbox 1048 1308 1138 1347; x_wconf 82' lang='lat' dir='ltr'>fen-i</span> <span class='ocrx_word' id='word_1_121' title='bbox 1166 1310 1302 1358; x_wconf 84' lang='lat' dir='ltr'>potest.</span> <span class='ocrx_word' id='word_1_122' title='bbox 1358 1308 1401 1346; x_wconf 88' lang='lat' dir='ltr'>In</span> <span class='ocrx_word' id='word_1_123' title='bbox 1428 1308 1464 1347; x_wconf 88' lang='lat' dir='ltr'>P</span> <span class='ocrx_word' id='word_1_124' title='bbox 1499 1307 1655 1348; x_wconf 87' lang='lat' dir='ltr'>dubiam</span> <span class='ocrx_word' id='word_1_125' title='bbox 1691 1310 1922 1360; x_wconf 81' lang='lat' dir='ltr'>particulam</span> <span class='ocrx_word' id='word_1_126' title='bbox 1957 1314 2137 1355; x_wconf 87' lang='lat' dir='ltr'>omissam</span> <span class='ocrx_word' id='word_1_127' title='bbox 2172 1316 2356 1358; x_wconf 83' lang='lat' dir='ltr'>vidimus:</span> 
     </span>
     <span class='ocr_line' id='line_1_15' title="bbox 314 1378 1857 1437; baseline 0.001 -14"><span class='ocrx_word' id='word_1_128' title='bbox 314 1384 459 1436; x_wconf 88' lang='lat' dir='ltr'>quippe</span> <span class='ocrx_word' id='word_1_129' title='bbox 489 1383 599 1423; x_wconf 88' lang='lat' dir='ltr'>initio</span> <span class='ocrx_word' id='word_1_130' title='bbox 628 1382 783 1429; x_wconf 87' lang='lat' dir='ltr'>excidit,</span> <span class='ocrx_word' id='word_1_131' title='bbox 811 1383 1091 1433; x_wconf 82' lang='lat' dir='ltr'>scripseratque</span> <span class='ocrx_word' id='word_1_132' title='bbox 1119 1381 1298 1422; x_wconf 85' lang='lat' dir='ltr'>Musaeus</span> <span class='ocrx_word' id='word_1_133' title='bbox 1327 1380 1406 1421; x_wconf 84' lang='grc' dir='ltr'><strong><em>καὶ</em></strong></span> <span class='ocrx_word' id='word_1_134' title='bbox 1433 1378 1520 1421; x_wconf 86' lang='grc' dir='ltr'><strong><em>τότε</em></strong></span> <span class='ocrx_word' id='word_1_135' title='bbox 1549 1379 1598 1434; x_wconf 84' lang='grc' dir='ltr'>δὴ</span> <span class='ocrx_word' id='word_1_136' title='bbox 1628 1385 1857 1437; x_wconf 79' lang='grc' dir='ltr'><strong><em>Λείανδρος.</em></strong></span> 
     </span>
    </p>

    <p class='ocr_par' dir='ltr' id='par_1_7' title="bbox 318 1456 2359 1655">
     <span class='ocr_line' id='line_1_16' title="bbox 450 1456 2358 1519; baseline 0.006 -22"><span class='ocrx_word' id='word_1_137' title='bbox 450 1457 525 1498; x_wconf 86' lang='lat' dir='ltr'>Sed</span> <span class='ocrx_word' id='word_1_138' title='bbox 550 1458 635 1509; x_wconf 88' lang='lat' dir='ltr'>jam</span> <span class='ocrx_word' id='word_1_139' title='bbox 663 1470 751 1497; x_wconf 85' lang='lat' dir='ltr'>cum</span> <span class='ocrx_word' id='word_1_140' title='bbox 780 1457 936 1497; x_wconf 86' lang='lat' dir='ltr'>Musaeo</span> <span class='ocrx_word' id='word_1_141' title='bbox 964 1457 1079 1496; x_wconf 90' lang='lat' dir='ltr'>etiam</span> <span class='ocrx_word' id='word_1_142' title='bbox 1108 1456 1206 1495; x_wconf 85' lang='lat' dir='ltr'>hanc</span> <span class='ocrx_word' id='word_1_143' title='bbox 1234 1456 1454 1507; x_wconf 89' lang='lat' dir='ltr'>disputandi</span> <span class='ocrx_word' id='word_1_144' title='bbox 1482 1456 1645 1497; x_wconf 86' lang='lat' dir='ltr'>formam</span> <span class='ocrx_word' id='word_1_145' title='bbox 1673 1459 1932 1511; x_wconf 87' lang='lat' dir='ltr'>relinquamus</span> <span class='ocrx_word' id='word_1_146' title='bbox 1961 1468 2232 1517; x_wconf 85' lang='lat' dir='ltr'>caeterasque,</span> <span class='ocrx_word' id='word_1_147' title='bbox 2261 1480 2358 1519; x_wconf 86' lang='lat' dir='ltr'>quas</span> 
     </span>
     <span class='ocr_line' id='line_1_17' title="bbox 318 1531 2359 1590; baseline 0.002 -18"><span class='ocrx_word' id='word_1_148' title='bbox 318 1533 491 1573; x_wconf 81' lang='lat' dir='ltr'>addituri</span> <span class='ocrx_word' id='word_1_149' title='bbox 521 1546 673 1577; x_wconf 89' lang='lat' dir='ltr'>sumus,</span> <span class='ocrx_word' id='word_1_150' title='bbox 709 1532 879 1571; x_wconf 89' lang='lat' dir='ltr'>varias</span> <span class='ocrx_word' id='word_1_151' title='bbox 916 1531 1164 1570; x_wconf 84' lang='lat' dir='ltr'>lectiones</span> <span class='ocrx_word' id='word_1_152' title='bbox 1199 1531 1463 1571; x_wconf 82' lang='lat' dir='ltr'>tantummodo</span> <span class='ocrx_word' id='word_1_153' title='bbox 1501 1532 1726 1584; x_wconf 90' lang='lat' dir='ltr'>simpliciter</span> <span class='ocrx_word' id='word_1_154' title='bbox 1762 1548 2016 1587; x_wconf 87' lang='lat' dir='ltr'>proponamus</span> <span class='ocrx_word' id='word_1_155' title='bbox 2045 1540 2156 1590; x_wconf 86' lang='lat' dir='ltr'>quasi</span> <span class='ocrx_word' id='word_1_156' title='bbox 2183 1541 2359 1583; x_wconf 78' lang='lat' dir='ltr'>theses</span> 
     </span>
     <span class='ocr_line' id='line_1_18' title="bbox 319 1606 1060 1655; baseline -0.005 -7"><span class='ocrx_word' id='word_1_157' title='bbox 319 1607 547 1648; x_wconf 84' lang='lat' dir='ltr'>sectioni</span> <span class='ocrx_word' id='word_1_158' title='bbox 576 1607 792 1646; x_wconf 84' lang='lat' dir='ltr'>criticae</span> <span class='ocrx_word' id='word_1_159' title='bbox 820 1606 1060 1655; x_wconf 65' lang='lat' dir='ltr'>proposituri</span> 
     </span>
    </p>
   </div>
   <div class='ocr_carea' id='block_1_3' title="bbox 321 1680 2364 2324">
    <p class='ocr_par' dir='ltr' id='par_1_8' title="bbox 321 1680 2362 2100">
     <span class='ocr_line' id='line_1_19' title="bbox 453 1680 2359 1742; baseline 0.007 -23.082"><span class='ocrx_word' id='word_1_160' title='bbox 453 1681 521 1720; x_wconf 73' lang='lat' dir='ltr'>U)</span> <span class='ocrx_word' id='word_1_161' title='bbox 551 1681 639 1720; x_wconf 59' lang='grc' dir='ltr'>11ον</span> <span class='ocrx_word' id='word_1_162' title='bbox 651 1693 671 1719; x_wconf 95' lang='lat' dir='ltr'>e</span> <span class='ocrx_word' id='word_1_163' title='bbox 700 1694 757 1731; x_wconf 90' lang='lat' dir='ltr'>p1</span> <span class='ocrx_word' id='word_1_164' title='bbox 768 1681 1010 1731; x_wconf 88' lang='lat' dir='ltr'>incipium</span> <span class='ocrx_word' id='word_1_165' title='bbox 1038 1680 1155 1730; x_wconf 83' lang='lat' dir='ltr'>igitur</span> <span class='ocrx_word' id='word_1_166' title='bbox 1183 1680 1464 1728; x_wconf 61' lang='lat' dir='ltr'>f·ieian1us,2b</span> <span class='ocrx_word' id='word_1_167' title='bbox 1494 1682 1704 1723; x_wconf 90' lang='lat' dir='ltr'>Home10</span> <span class='ocrx_word' id='word_1_168' title='bbox 1732 1699 1806 1724; x_wconf 89' lang='lat' dir='ltr'>non</span> <span class='ocrx_word' id='word_1_169' title='bbox 1834 1700 1922 1726; x_wconf 72' lang='lat' dir='ltr'>velo</span> <span class='ocrx_word' id='word_1_170' title='bbox 1949 1689 2103 1739; x_wconf 90' lang='lat' dir='ltr'>quidem</span> <span class='ocrx_word' id='word_1_171' title='bbox 2132 1690 2199 1730; x_wconf 87' lang='lat' dir='ltr'>sed</span> <span class='ocrx_word' id='word_1_172' title='bbox 2226 1705 2359 1742; x_wconf 89' lang='lat' dir='ltr'>perso—</span> 
     </span>
     <span class='ocr_line' id='line_1_20' title="bbox 321 1754 2360 1810; baseline 0 -15"><span class='ocrx_word' id='word_1_173' title='bbox 321 1761 415 1795; x_wconf 86' lang='lat' dir='ltr'>nato</span> <span class='ocrx_word' id='word_1_174' title='bbox 443 1755 508 1793; x_wconf 93' lang='lat' dir='ltr'>illo</span> <span class='ocrx_word' id='word_1_175' title='bbox 537 1755 696 1804; x_wconf 87' lang='lat' dir='ltr'>ejusque</span> <span class='ocrx_word' id='word_1_176' title='bbox 725 1754 929 1799; x_wconf 86' lang='lat' dir='ltr'>sodalibus,</span> <span class='ocrx_word' id='word_1_177' title='bbox 959 1768 1119 1803; x_wconf 69' lang='lat' dir='ltr'>(lucium</span> <span class='ocrx_word' id='word_1_178' title='bbox 1146 1768 1175 1792; x_wconf 81' lang='lat' dir='ltr'>c</span> <span class='ocrx_word' id='word_1_179' title='bbox 1180 1756 1316 1793; x_wconf 69' lang='lat' dir='ltr'>irmina</span> <span class='ocrx_word' id='word_1_180' title='bbox 1334 1755 1443 1794; x_wconf 84' lang='lat' dir='ltr'>hodie</span> <span class='ocrx_word' id='word_1_181' title='bbox 1473 1756 1511 1794; x_wconf 87' lang='lat' dir='ltr'>in</span> <span class='ocrx_word' id='word_1_182' title='bbox 1540 1756 1731 1796; x_wconf 85' lang='lat' dir='ltr'>codicibus</span> <span class='ocrx_word' id='word_1_183' title='bbox 1759 1758 1937 1810; x_wconf 86' lang='lat' dir='ltr'>leguntur</span> <span class='ocrx_word' id='word_1_184' title='bbox 1964 1768 2072 1803; x_wconf 89' lang='lat' dir='ltr'>vasto</span> <span class='ocrx_word' id='word_1_185' title='bbox 2099 1765 2165 1805; x_wconf 90' lang='lat' dir='ltr'>illo</span> <span class='ocrx_word' id='word_1_186' title='bbox 2184 1766 2360 1807; x_wconf 82' lang='lat' dir='ltr'>confuso-</span> 
     </span>
     <span class='ocr_line' id='line_1_21' title="bbox 324 1829 2360 1894; baseline 0.006 -27"><span class='ocrx_word' id='word_1_187' title='bbox 324 1844 398 1880; x_wconf 86' lang='lat' dir='ltr'>que</span> <span class='ocrx_word' id='word_1_188' title='bbox 427 1830 570 1868; x_wconf 75' lang='lat' dir='ltr'>unius</span> <span class='ocrx_word' id='word_1_189' title='bbox 601 1829 863 1878; x_wconf 78' lang='lat' dir='ltr'>Apollinei</span> <span class='ocrx_word' id='word_1_190' title='bbox 892 1829 928 1867; x_wconf 87' lang='lat' dir='ltr'>H</span> <span class='ocrx_word' id='word_1_191' title='bbox 939 1842 962 1878; x_wconf 60' lang='lat'><em>5</em></span> <span class='ocrx_word' id='word_1_192' title='bbox 973 1829 1065 1866; x_wconf 84' lang='lat' dir='ltr'>mni</span> <span class='ocrx_word' id='word_1_193' title='bbox 1095 1842 1251 1877; x_wconf 71' lang='grc'><strong>00111010</strong></span> <span class='ocrx_word' id='word_1_194' title='bbox 1279 1830 1561 1878; x_wconf 76' lang='lat' dir='ltr'>comprehensa.</span> <span class='ocrx_word' id='word_1_195' title='bbox 1618 1832 1661 1869; x_wconf 88' lang='lat' dir='ltr'>In</span> <span class='ocrx_word' id='word_1_196' title='bbox 1697 1833 1744 1871; x_wconf 91' lang='lat' dir='ltr'>iis</span> <span class='ocrx_word' id='word_1_197' title='bbox 1771 1834 2026 1876; x_wconf 82' lang='lat' dir='ltr'>discernendis</span> <span class='ocrx_word' id='word_1_198' title='bbox 2062 1846 2150 1889; x_wconf 91' lang='lat' dir='ltr'>post</span> <span class='ocrx_word' id='word_1_199' title='bbox 2187 1846 2360 1894; x_wconf 84' lang='lat' dir='ltr'>egregios</span> 
     </span>
     <span class='ocr_line' id='line_1_22' title="bbox 324 1900 2361 1966; baseline 0.008 -25"><span class='ocrx_word' id='word_1_200' title='bbox 324 1916 411 1941; x_wconf 69' lang='lat' dir='ltr'>cum</span> <span class='ocrx_word' id='word_1_201' title='bbox 440 1902 602 1941; x_wconf 78' lang='lat' dir='ltr'>aliorum</span> <span class='ocrx_word' id='word_1_202' title='bbox 631 1906 713 1941; x_wconf 88' lang='lat' dir='ltr'>tum</span> <span class='ocrx_word' id='word_1_203' title='bbox 743 1902 910 1941; x_wconf 80' lang='lat' dir='ltr'>maxime</span> <span class='ocrx_word' id='word_1_204' title='bbox 939 1900 1308 1941; x_wconf 86' lang='lat' dir='ltr'>Schneidewini</span> <span class='ocrx_word' id='word_1_205' title='bbox 1336 1907 1375 1941; x_wconf 89' lang='lat' dir='ltr'>et</span> <span class='ocrx_word' id='word_1_206' title='bbox 1403 1903 1599 1943; x_wconf 89' lang='lat' dir='ltr'>Lehrsii</span> <span class='ocrx_word' id='word_1_207' title='bbox 1627 1904 1775 1946; x_wconf 89' lang='lat' dir='ltr'>labores</span> <span class='ocrx_word' id='word_1_208' title='bbox 1803 1908 1970 1949; x_wconf 85' lang='lat' dir='ltr'>timidior</span> <span class='ocrx_word' id='word_1_209' title='bbox 1998 1911 2069 1952; x_wconf 91' lang='lat' dir='ltr'>fuit</span> <span class='ocrx_word' id='word_1_210' title='bbox 2087 1927 2254 1966; x_wconf 88' lang='lat' dir='ltr'>nuperus</span> <span class='ocrx_word' id='word_1_211' title='bbox 2280 1918 2361 1957; x_wconf 88' lang='lat' dir='ltr'>edi-</span> 
     </span>
     <span class='ocr_line' id='line_1_23' title="bbox 323 1975 2362 2032; baseline 0.008 -16"><span class='ocrx_word' id='word_1_212' title='bbox 323 1983 394 2016; x_wconf 82' lang='lat' dir='ltr'>tor.</span> <span class='ocrx_word' id='word_1_213' title='bbox 427 1976 610 2022; x_wconf 54' lang='lat' dir='ltr'>Videam,</span> <span class='ocrx_word' id='word_1_214' title='bbox 640 1989 731 2013; x_wconf 89' lang='lat' dir='ltr'>num</span> <span class='ocrx_word' id='word_1_215' title='bbox 761 1975 856 2014; x_wconf 88' lang='lat' dir='ltr'>mihi</span> <span class='ocrx_word' id='word_1_216' title='bbox 884 1975 1040 2014; x_wconf 88' lang='lat' dir='ltr'>illorum</span> <span class='ocrx_word' id='word_1_217' title='bbox 1069 1977 1235 2014; x_wconf 85' lang='lat' dir='ltr'>virorum</span> <span class='ocrx_word' id='word_1_218' title='bbox 1264 1977 1423 2026; x_wconf 79' lang='lat' dir='ltr'>vestigia</span> <span class='ocrx_word' id='word_1_219' title='bbox 1450 1978 1620 2027; x_wconf 78' lang='lat' dir='ltr'>ingresso</span> <span class='ocrx_word' id='word_1_220' title='bbox 1648 1993 1708 2019; x_wconf 92' lang='lat' dir='ltr'>res</span> <span class='ocrx_word' id='word_1_221' title='bbox 1736 1981 1871 2022; x_wconf 87' lang='lat' dir='ltr'>melius</span> <span class='ocrx_word' id='word_1_222' title='bbox 1898 1986 2063 2026; x_wconf 87' lang='lat' dir='ltr'>cesserit.</span> <span class='ocrx_word' id='word_1_223' title='bbox 2110 1987 2362 2032; x_wconf 74' lang='lat' dir='ltr'>Continentur</span> 
     </span>
     <span class='ocr_line' id='line_1_24' title="bbox 324 2050 1338 2100; baseline -0.003 -10"><span class='ocrx_word' id='word_1_224' title='bbox 324 2066 370 2090; x_wconf 78' lang='lat' dir='ltr'>ea</span> <span class='ocrx_word' id='word_1_225' title='bbox 399 2051 496 2089; x_wconf 87' lang='lat' dir='ltr'>mole</span> <span class='ocrx_word' id='word_1_226' title='bbox 525 2051 693 2100; x_wconf 83' lang='lat' dir='ltr'>primum</span> <span class='ocrx_word' id='word_1_227' title='bbox 722 2050 900 2088; x_wconf 86' lang='lat' dir='ltr'>breviora</span> <span class='ocrx_word' id='word_1_228' title='bbox 928 2051 1032 2088; x_wconf 87' lang='lat' dir='ltr'>tria</span> <span class='ocrx_word' id='word_1_229' title='bbox 1060 2051 1338 2099; x_wconf 88' lang='lat' dir='ltr'>prooemia:</span> 
     </span>
    </p>

    <p class='ocr_par' dir='ltr' id='par_1_9' title="bbox 324 2121 2364 2324">
     <span class='ocr_line' id='line_1_25' title="bbox 452 2121 2362 2186; baseline 0.003 -22"><span class='ocrx_word' id='word_1_230' title='bbox 452 2141 595 2164; x_wconf 84' lang='lat' dir='ltr'>unum</span> <span class='ocrx_word' id='word_1_231' title='bbox 625 2128 679 2171; x_wconf 67' lang='grc' dir='ltr'>εἰ,-</span> <span class='ocrx_word' id='word_1_232' title='bbox 705 2121 1235 2163; x_wconf 79' lang='grc' dir='ltr'><strong><em>ἈπόλλωναἜκα-τον</em></strong></span> <span class='ocrx_word' id='word_1_233' title='bbox 1264 2140 1295 2163; x_wconf 79' lang='lat' dir='ltr'>V.</span> <span class='ocrx_word' id='word_1_234' title='bbox 1331 2128 1468 2170; x_wconf 74' lang='lat'>1—-13‚</span> <span class='ocrx_word' id='word_1_235' title='bbox 1496 2128 1560 2164; x_wconf 91' lang='lat' dir='ltr'>ubi</span> <span class='ocrx_word' id='word_1_236' title='bbox 1587 2142 1618 2165; x_wconf 91' lang='lat' dir='ltr'>v.</span> <span class='ocrx_word' id='word_1_237' title='bbox 1639 2130 1662 2166; x_wconf 69' lang='lat'>&gt;3</span> <span class='ocrx_word' id='word_1_238' title='bbox 1690 2126 1808 2176; x_wconf 80' lang='grc' dir='ltr'><strong><em>τόξα</em></strong></span> <span class='ocrx_word' id='word_1_239' title='bbox 1836 2137 2139 2186; x_wconf 78' lang='grc' dir='ltr'><strong><em>κατεκρέμασε</em></strong></span> <span class='ocrx_word' id='word_1_240' title='bbox 2167 2151 2214 2177; x_wconf 80' lang='lat' dir='ltr'>ex</span> <span class='ocrx_word' id='word_1_241' title='bbox 2240 2144 2273 2177; x_wconf 82' lang='grc' dir='ltr'>θ</span> <span class='ocrx_word' id='word_1_242' title='bbox 2301 2141 2362 2179; x_wconf 71' lang='grc'>67,</span> 
     </span>
     <span class='ocr_line' id='line_1_26' title="bbox 329 2197 2364 2265; baseline 0.002 -25"><span class='ocrx_word' id='word_1_243' title='bbox 329 2200 404 2240; x_wconf 77' lang='lat'>105</span> <span class='ocrx_word' id='word_1_244' title='bbox 433 2205 469 2239; x_wconf 89' lang='lat' dir='ltr'>et</span> <span class='ocrx_word' id='word_1_245' title='bbox 499 2199 627 2251; x_wconf 71' lang='lat' dir='ltr'>hymn.</span> <span class='ocrx_word' id='word_1_246' title='bbox 657 2199 766 2238; x_wconf 91' lang='lat' dir='ltr'>Hom.</span> <span class='ocrx_word' id='word_1_247' title='bbox 797 2197 965 2244; x_wconf 82' lang='lat' dir='ltr'>XXVII,</span> <span class='ocrx_word' id='word_1_248' title='bbox 1009 2199 1055 2237; x_wconf 73' lang='lat'>16</span> <span class='ocrx_word' id='word_1_249' title='bbox 1082 2200 1307 2244; x_wconf 85' lang='lat' dir='ltr'>certissime,</span> <span class='ocrx_word' id='word_1_250' title='bbox 1336 2202 1450 2238; x_wconf 85' lang='grc' dir='ltr'><strong><em>κίονα</em></strong></span> <span class='ocrx_word' id='word_1_251' title='bbox 1477 2199 1673 2250; x_wconf 80' lang='grc' dir='ltr'><strong><em>μακρὸν</em></strong></span> <span class='ocrx_word' id='word_1_252' title='bbox 1701 2204 1852 2243; x_wconf 84' lang='grc' dir='ltr'><strong><em>ἰοῦσα</em></strong></span> <span class='ocrx_word' id='word_1_253' title='bbox 1881 2208 2149 2250; x_wconf 64' lang='lat' dir='ltr'>collatisv966.</span> <span class='ocrx_word' id='word_1_254' title='bbox 2176 2214 2254 2252; x_wconf 87' lang='grc'>473</span> <span class='ocrx_word' id='word_1_255' title='bbox 2273 2228 2364 2265; x_wconf 79' lang='lat' dir='ltr'>pro-</span> 
     </span>
     <span class='ocr_line' id='line_1_27' title="bbox 324 2273 844 2324; baseline 0.002 -13"><span class='ocrx_word' id='word_1_256' title='bbox 324 2273 505 2313; x_wconf 83' lang='lat' dir='ltr'>babiliter</span> <span class='ocrx_word' id='word_1_257' title='bbox 534 2273 736 2324; x_wconf 83' lang='lat' dir='ltr'>legendum</span> <span class='ocrx_word' id='word_1_258' title='bbox 766 2278 844 2319; x_wconf 88' lang='lat' dir='ltr'>est;</span> 
     </span>
    </p>
   </div>
   <div class='ocr_carea' id='block_1_4' title="bbox 327 2343 2364 2460">
    <p class='ocr_par' dir='ltr' id='par_1_10' title="bbox 327 2343 2364 2460">
     <span class='ocr_line' id='line_1_28' title="bbox 454 2343 2364 2408; baseline 0.004 -22"><span class='ocrx_word' id='word_1_259' title='bbox 454 2347 559 2386; x_wconf 81' lang='lat' dir='ltr'>alte</span> <span class='ocrx_word' id='word_1_260' title='bbox 572 2361 672 2386; x_wconf 86' lang='lat' dir='ltr'>rum</span> <span class='ocrx_word' id='word_1_261' title='bbox 712 2349 767 2394; x_wconf 78' lang='grc' dir='ltr'>εἰς</span> <span class='ocrx_word' id='word_1_262' title='bbox 802 2343 843 2384; x_wconf 86' lang='lat' dir='ltr'>&#39;A</span> <span class='ocrx_word' id='word_1_263' title='bbox 855 2361 882 2385; x_wconf 84' lang='grc' dir='ltr'><em>π</em></span> <span class='ocrx_word' id='word_1_264' title='bbox 894 2344 914 2385; x_wconf 89' lang='grc' dir='ltr'><em>ό</em></span> <span class='ocrx_word' id='word_1_265' title='bbox 924 2350 946 2386; x_wconf 88' lang='grc' dir='ltr'><strong><em>λ</em></strong></span> <span class='ocrx_word' id='word_1_266' title='bbox 958 2350 980 2386; x_wconf 84' lang='grc' dir='ltr'><strong><em>λ</em></strong></span> <span class='ocrx_word' id='word_1_267' title='bbox 991 2361 1021 2386; x_wconf 89' lang='grc' dir='ltr'><strong>ω</strong></span> <span class='ocrx_word' id='word_1_268' title='bbox 1032 2361 1054 2385; x_wconf 84' lang='lat' dir='ltr'><em>v</em></span> <span class='ocrx_word' id='word_1_269' title='bbox 1065 2361 1090 2386; x_wconf 87' lang='grc' dir='ltr'><strong><em>α</em></strong></span> <span class='ocrx_word' id='word_1_270' title='bbox 1132 2349 1169 2385; x_wconf 90' lang='lat' dir='ltr'><em>K</em></span> <span class='ocrx_word' id='word_1_271' title='bbox 1179 2361 1192 2385; x_wconf 91' lang='grc' dir='ltr'><strong><em>ι</em></strong></span> <span class='ocrx_word' id='word_1_272' title='bbox 1203 2351 1234 2385; x_wconf 84' lang='grc' dir='ltr'><strong><em>θ</em></strong></span> <span class='ocrx_word' id='word_1_273' title='bbox 1244 2361 1270 2386; x_wconf 93' lang='grc' dir='ltr'><strong><em>α</em></strong></span> <span class='ocrx_word' id='word_1_274' title='bbox 1281 2361 1305 2398; x_wconf 79' lang='grc' dir='ltr'><strong>ρ</strong></span> <span class='ocrx_word' id='word_1_275' title='bbox 1317 2361 1348 2399; x_wconf 79' lang='grc' dir='ltr'><em>ῳ</em></span> <span class='ocrx_word' id='word_1_276' title='bbox 1359 2348 1383 2386; x_wconf 77' lang='grc' dir='ltr'>ὁ</span> <span class='ocrx_word' id='word_1_277' title='bbox 1394 2344 1416 2386; x_wconf 93' lang='grc' dir='ltr'>ό</span> <span class='ocrx_word' id='word_1_278' title='bbox 1430 2362 1452 2387; x_wconf 90' lang='grc' dir='ltr'><strong><em>ν</em></strong></span> <span class='ocrx_word' id='word_1_279' title='bbox 1490 2361 1521 2387; x_wconf 91' lang='lat' dir='ltr'>v.</span> <span class='ocrx_word' id='word_1_280' title='bbox 1554 2350 1757 2390; x_wconf 68' lang='lat'>182—206</span> <span class='ocrx_word' id='word_1_281' title='bbox 1795 2352 1844 2393; x_wconf 84' lang='lat' dir='ltr'>ab</span> <span class='ocrx_word' id='word_1_282' title='bbox 1881 2354 1990 2395; x_wconf 89' lang='lat' dir='ltr'>initio</span> <span class='ocrx_word' id='word_1_283' title='bbox 2024 2360 2155 2408; x_wconf 80' lang='lat' dir='ltr'>paucis</span> <span class='ocrx_word' id='word_1_284' title='bbox 2192 2363 2364 2403; x_wconf 74' lang='lat' dir='ltr'>versibus</span> 
     </span>
     <span class='ocr_line' id='line_1_29' title="bbox 327 2421 569 2460; baseline 0.004 -1"><span class='ocrx_word' id='word_1_285' title='bbox 327 2421 547 2459; x_wconf 79' lang='lat' dir='ltr'>mutilatum</span> <span class='ocrx_word' id='word_1_286' title='bbox 561 2437 569 2460; x_wconf 89' lang='lat'>:</span> 
     </span>
    </p>
   </div>
   <div class='ocr_carea' id='block_1_5' title="bbox 328 2496 2367 2781">
    <p class='ocr_par' dir='ltr' id='par_1_11' title="bbox 328 2496 2366 2693">
     <span class='ocr_line' id='line_1_30' title="bbox 458 2496 1273 2542; baseline 0.002 -9"><span class='ocrx_word' id='word_1_287' title='bbox 458 2496 666 2533; x_wconf 82' lang='lat' dir='ltr'>tertium</span> <span class='ocrx_word' id='word_1_288' title='bbox 695 2496 734 2534; x_wconf 90' lang='lat' dir='ltr'>in</span> <span class='ocrx_word' id='word_1_289' title='bbox 765 2496 1004 2535; x_wconf 85' lang='lat' dir='ltr'>Latonam</span> <span class='ocrx_word' id='word_1_290' title='bbox 1032 2510 1063 2535; x_wconf 92' lang='lat' dir='ltr'>v.</span> <span class='ocrx_word' id='word_1_291' title='bbox 1097 2496 1273 2542; x_wconf 77' lang='lat'>14—18;</span> 
     </span>
     <span class='ocr_line' id='line_1_31' title="bbox 330 2566 2366 2626; baseline 0.006 -17"><span class='ocrx_word' id='word_1_292' title='bbox 330 2574 410 2609; x_wconf 88' lang='lat' dir='ltr'>tum</span> <span class='ocrx_word' id='word_1_293' title='bbox 442 2569 631 2618; x_wconf 85' lang='lat' dir='ltr'>longiores</span> <span class='ocrx_word' id='word_1_294' title='bbox 660 2569 754 2608; x_wconf 84' lang='lat' dir='ltr'>duos</span> <span class='ocrx_word' id='word_1_295' title='bbox 783 2569 807 2607; x_wconf 90' lang='lat' dir='ltr'>h</span> <span class='ocrx_word' id='word_1_296' title='bbox 818 2584 842 2621; x_wconf 91' lang='lat' dir='ltr'>y</span> <span class='ocrx_word' id='word_1_297' title='bbox 853 2584 959 2609; x_wconf 88' lang='grc'><strong>111110</strong></span> <span class='ocrx_word' id='word_1_298' title='bbox 970 2584 987 2609; x_wconf 88' lang='lat' dir='ltr'>s</span> <span class='ocrx_word' id='word_1_299' title='bbox 999 2601 1009 2616; x_wconf 93' lang='lat'>‚</span> <span class='ocrx_word' id='word_1_300' title='bbox 1050 2584 1169 2609; x_wconf 90' lang='lat' dir='ltr'>unum</span> <span class='ocrx_word' id='word_1_301' title='bbox 1198 2571 1254 2616; x_wconf 82' lang='grc' dir='ltr'>εἰς</span> <span class='ocrx_word' id='word_1_302' title='bbox 1290 2566 1331 2608; x_wconf 88' lang='lat' dir='ltr'>&#39;A</span> <span class='ocrx_word' id='word_1_303' title='bbox 1344 2584 1373 2609; x_wconf 87' lang='grc' dir='ltr'><em>π</em></span> <span class='ocrx_word' id='word_1_304' title='bbox 1384 2567 1405 2609; x_wconf 90' lang='grc' dir='ltr'>ό</span> <span class='ocrx_word' id='word_1_305' title='bbox 1416 2574 1438 2609; x_wconf 86' lang='grc' dir='ltr'><strong><em>λ</em></strong></span> <span class='ocrx_word' id='word_1_306' title='bbox 1449 2574 1471 2609; x_wconf 86' lang='grc' dir='ltr'><strong><em>λ</em></strong></span> <span class='ocrx_word' id='word_1_307' title='bbox 1483 2585 1514 2609; x_wconf 85' lang='grc' dir='ltr'><em>ω</em></span> <span class='ocrx_word' id='word_1_308' title='bbox 1525 2585 1550 2609; x_wconf 90' lang='grc' dir='ltr'><strong><em>ν</em></strong></span> <span class='ocrx_word' id='word_1_309' title='bbox 1560 2586 1585 2609; x_wconf 90' lang='grc' dir='ltr'><strong><em>α</em></strong></span> <span class='ocrx_word' id='word_1_310' title='bbox 1612 2576 1652 2610; x_wconf 91' lang='grc' dir='ltr'><em>Δ</em></span> <span class='ocrx_word' id='word_1_311' title='bbox 1661 2569 1685 2622; x_wconf 87' lang='grc' dir='ltr'><em>ή</em></span> <span class='ocrx_word' id='word_1_312' title='bbox 1694 2576 1716 2611; x_wconf 88' lang='grc' dir='ltr'><strong><em>λ</em></strong></span> <span class='ocrx_word' id='word_1_313' title='bbox 1727 2588 1741 2611; x_wconf 94' lang='grc' dir='ltr'><strong><em>ι</em></strong></span> <span class='ocrx_word' id='word_1_314' title='bbox 1751 2587 1772 2611; x_wconf 95' lang='lat'>0</span> <span class='ocrx_word' id='word_1_315' title='bbox 1783 2588 1807 2612; x_wconf 86' lang='grc' dir='ltr'><strong><em>ν</em></strong></span> <span class='ocrx_word' id='word_1_316' title='bbox 1818 2604 1829 2623; x_wconf 88' lang='grc'>,</span> <span class='ocrx_word' id='word_1_317' title='bbox 1865 2576 2029 2617; x_wconf 84' lang='lat' dir='ltr'>alterum</span> <span class='ocrx_word' id='word_1_318' title='bbox 2057 2581 2112 2626; x_wconf 80' lang='grc' dir='ltr'>εἰς</span> <span class='ocrx_word' id='word_1_319' title='bbox 2137 2576 2366 2624; x_wconf 77' lang='grc' dir='ltr'><strong><em>Ἀπόλλωνα</em></strong></span> 
     </span>
     <span class='ocr_line' id='line_1_32' title="bbox 328 2638 2017 2693; baseline 0.007 -12"><span class='ocrx_word' id='word_1_320' title='bbox 328 2638 402 2681; x_wconf 83' lang='grc' dir='ltr'>Πύ</span> <span class='ocrx_word' id='word_1_321' title='bbox 417 2647 442 2680; x_wconf 75' lang='grc' dir='ltr'><em>θ</em></span> <span class='ocrx_word' id='word_1_322' title='bbox 454 2659 467 2681; x_wconf 92' lang='grc' dir='ltr'><strong><em>ι</em></strong></span> <span class='ocrx_word' id='word_1_323' title='bbox 480 2658 503 2681; x_wconf 84' lang='grc' dir='ltr'><strong><em>κ</em></strong></span> <span class='ocrx_word' id='word_1_324' title='bbox 514 2657 536 2680; x_wconf 96' lang='grc' dir='ltr'><strong><em>ο</em></strong></span> <span class='ocrx_word' id='word_1_325' title='bbox 547 2658 570 2680; x_wconf 91' lang='grc' dir='ltr'><strong><em>ν</em></strong></span> <span class='ocrx_word' id='word_1_326' title='bbox 582 2672 593 2691; x_wconf 83' lang='grc'>,</span> <span class='ocrx_word' id='word_1_327' title='bbox 623 2657 786 2693; x_wconf 85' lang='lat' dir='ltr'>quorum</span> <span class='ocrx_word' id='word_1_328' title='bbox 814 2645 1089 2683; x_wconf 84' lang='lat' dir='ltr'>commissurae</span> <span class='ocrx_word' id='word_1_329' title='bbox 1119 2645 1216 2683; x_wconf 87' lang='lat' dir='ltr'>miro</span> <span class='ocrx_word' id='word_1_330' title='bbox 1245 2643 1358 2682; x_wconf 91' lang='lat' dir='ltr'>modo</span> <span class='ocrx_word' id='word_1_331' title='bbox 1385 2643 1571 2685; x_wconf 86' lang='lat' dir='ltr'>conflatae</span> <span class='ocrx_word' id='word_1_332' title='bbox 1599 2651 1638 2685; x_wconf 89' lang='lat' dir='ltr'>et</span> <span class='ocrx_word' id='word_1_333' title='bbox 1665 2650 1892 2690; x_wconf 86' lang='lat' dir='ltr'>commixtae</span> <span class='ocrx_word' id='word_1_334' title='bbox 1920 2657 2017 2692; x_wconf 91' lang='lat' dir='ltr'>sunt.</span> 
     </span>
    </p>

    <p class='ocr_par' dir='ltr' id='par_1_12' title="bbox 459 2717 2367 2781">
     <span class='ocr_line' id='line_1_33' title="bbox 459 2717 2367 2781; baseline 0.009 -26"><span class='ocrx_word' id='word_1_335' title='bbox 459 2717 598 2756; x_wconf 88' lang='lat' dir='ltr'>Prioris</span> <span class='ocrx_word' id='word_1_336' title='bbox 624 2717 775 2755; x_wconf 91' lang='lat' dir='ltr'>initium</span> <span class='ocrx_word' id='word_1_337' title='bbox 804 2718 930 2767; x_wconf 85' lang='lat' dir='ltr'>periit,</span> <span class='ocrx_word' id='word_1_338' title='bbox 959 2718 1069 2769; x_wconf 86' lang='lat' dir='ltr'>cujus</span> <span class='ocrx_word' id='word_1_339' title='bbox 1097 2730 1122 2757; x_wconf 87' lang='lat' dir='ltr'>a</span> <span class='ocrx_word' id='word_1_340' title='bbox 1131 2731 1151 2755; x_wconf 89' lang='lat' dir='ltr'>r</span> <span class='ocrx_word' id='word_1_341' title='bbox 1161 2731 1186 2767; x_wconf 84' lang='lat' dir='ltr'>g</span> <span class='ocrx_word' id='word_1_342' title='bbox 1195 2731 1221 2756; x_wconf 94' lang='lat' dir='ltr'>u</span> <span class='ocrx_word' id='word_1_343' title='bbox 1230 2731 1268 2756; x_wconf 92' lang='lat' dir='ltr'>m</span> <span class='ocrx_word' id='word_1_344' title='bbox 1280 2732 1300 2756; x_wconf 86' lang='lat' dir='ltr'>e</span> <span class='ocrx_word' id='word_1_345' title='bbox 1311 2732 1336 2757; x_wconf 91' lang='grc'>11</span> <span class='ocrx_word' id='word_1_346' title='bbox 1346 2722 1362 2757; x_wconf 87' lang='lat' dir='ltr'>t</span> <span class='ocrx_word' id='word_1_347' title='bbox 1372 2731 1397 2757; x_wconf 96' lang='lat' dir='ltr'>u</span> <span class='ocrx_word' id='word_1_348' title='bbox 1407 2732 1446 2756; x_wconf 93' lang='lat' dir='ltr'>m</span> <span class='ocrx_word' id='word_1_349' title='bbox 1474 2718 1584 2759; x_wconf 85' lang='lat' dir='ltr'>facile</span> <span class='ocrx_word' id='word_1_350' title='bbox 1611 2720 1773 2761; x_wconf 86' lang='lat' dir='ltr'>divinari</span> <span class='ocrx_word' id='word_1_351' title='bbox 1799 2728 1935 2775; x_wconf 88' lang='lat' dir='ltr'>potest.</span> <span class='ocrx_word' id='word_1_352' title='bbox 1964 2727 2083 2768; x_wconf 70' lang='lat' dir='ltr'>Poeta</span> <span class='ocrx_word' id='word_1_353' title='bbox 2096 2733 2184 2781; x_wconf 90' lang='lat' dir='ltr'>post</span> <span class='ocrx_word' id='word_1_354' title='bbox 2211 2731 2367 2773; x_wconf 81' lang='lat' dir='ltr'>solitum</span> 
     </span>
    </p>
   </div>
   <div class='ocr_carea' id='block_1_6' title="bbox 330 2787 2367 2920">
    <p class='ocr_par' dir='ltr' id='par_1_13' title="bbox 330 2787 2367 2920">
     <span class='ocr_line' id='line_1_34' title="bbox 330 2787 2367 2846; baseline 0.008 -16"><span class='ocrx_word' id='word_1_355' title='bbox 330 2791 423 2830; x_wconf 78' lang='lat' dir='ltr'>illud</span> <span class='ocrx_word' id='word_1_356' title='bbox 462 2787 724 2842; x_wconf 87' lang='grc' dir='ltr'><strong><em>μνήσομαι</em></strong></span> <span class='ocrx_word' id='word_1_357' title='bbox 761 2788 883 2831; x_wconf 76' lang='grc' dir='ltr'><strong><em>οὐδὲ</em></strong></span> <span class='ocrx_word' id='word_1_358' title='bbox 924 2791 1097 2843; x_wconf 79' lang='grc' dir='ltr'><strong><em>λάθωμ</em></strong></span> <span class='ocrx_word' id='word_1_359' title='bbox 1112 2807 1161 2831; x_wconf 90' lang='grc' dir='ltr'>αι</span> <span class='ocrx_word' id='word_1_360' title='bbox 1203 2798 1274 2832; x_wconf 84' lang='lat' dir='ltr'>etc.</span> <span class='ocrx_word' id='word_1_361' title='bbox 1318 2807 1384 2832; x_wconf 92' lang='lat' dir='ltr'>seu</span> <span class='ocrx_word' id='word_1_362' title='bbox 1412 2794 1535 2833; x_wconf 90' lang='lat' dir='ltr'>simile</span> <span class='ocrx_word' id='word_1_363' title='bbox 1563 2796 1653 2845; x_wconf 85' lang='lat' dir='ltr'>quid</span> <span class='ocrx_word' id='word_1_364' title='bbox 1689 2797 1760 2836; x_wconf 91' lang='lat' dir='ltr'>hoc</span> <span class='ocrx_word' id='word_1_365' title='bbox 1788 2798 1867 2840; x_wconf 85' lang='lat' dir='ltr'>fere</span> <span class='ocrx_word' id='word_1_366' title='bbox 1894 2801 2007 2840; x_wconf 90' lang='lat' dir='ltr'>modo</span> <span class='ocrx_word' id='word_1_367' title='bbox 2041 2803 2177 2843; x_wconf 91' lang='lat' dir='ltr'>Delii</span> <span class='ocrx_word' id='word_1_368' title='bbox 2212 2806 2367 2846; x_wconf 86' lang='lat' dir='ltr'>laudem</span> 
     </span>
     <span class='ocr_line' id='line_1_35' title="bbox 333 2865 1256 2920; baseline 0.002 -15"><span class='ocrx_word' id='word_1_369' title='bbox 333 2870 448 2916; x_wconf 79' lang='lat' dir='ltr'>atque</span> <span class='ocrx_word' id='word_1_370' title='bbox 477 2865 703 2906; x_wconf 79' lang='lat' dir='ltr'>beneficium</span> <span class='ocrx_word' id='word_1_371' title='bbox 733 2866 929 2908; x_wconf 86' lang='lat' dir='ltr'>celebrare</span> <span class='ocrx_word' id='word_1_372' title='bbox 954 2868 1148 2920; x_wconf 84' lang='lat' dir='ltr'>ingressus</span> <span class='ocrx_word' id='word_1_373' title='bbox 1176 2872 1256 2908; x_wconf 90' lang='lat' dir='ltr'>est:</span> 
     </span>
    </p>
   </div>
  </div>
 </body>
</html>
