2692 3515
1157 341 1207 346 —
1262 317 1356 358 XIII
1413 341 1459 346 -

290 435 395 486 ἔχων
421 434 484 476 ε’νὶ
510 432 690 487 δώμασιν
722 429 841 488 Ἡρῶ.
897 434 1041 487 Magna
1075 436 1176 475 enim
1212 449 1300 476 cum
1328 437 1481 477 omnino
1508 438 1548 476 in
1575 436 1687 489 epica
1714 436 1821 489 poesi
1848 440 1933 476 tum
1960 436 2200 489 potissimum
2228 436 2334 489 apud

288 507 358 547 hos
383 511 517 560 poetas
544 514 812 549 consuetarum
840 508 1092 548 formularum
1119 514 1179 549 est
1205 510 1261 548 vis
1289 514 1330 549 et
1356 511 1553 550 memoria.

416 584 636 624 Leandreae
650 585 834 625 orationis
848 584 958 623 initio
972 598 1004 623 v,
1018 585 1095 624 203
1106 598 1162 635 sq.
1181 584 1277 624 duas
1295 585 1536 636 conjecturas
1550 584 1756 625 confirmat
1769 586 1825 633 P3
1853 585 1894 625 id
1908 585 2020 636 volgo
2034 584 2092 625 ita
2105 584 2309 625 exhibetur
2322 600 2334 624 ε

668 657 863 709 παρθένε,
891 652 967 697 σὸν
993 653 1041 697 δι’
1069 659 1198 710 ἔρωτα
1226 656 1291 698 καὶ
1319 653 1460 710 ἄγριον
1488 656 1608 712 οἶδμα
1633 656 1810 712 περήσω,

671 734 708 771 εἰ
732 731 831 782 πυρὶ
858 729 1113 782 παφλάζοιτο,
1140 729 1208 770 καὶ
1235 727 1433 771 ἅπλοον
1460 735 1618 772 ἔσσεται
1645 731 1772 785 ὕδωρ·

668 804 717 847 οὐ
744 808 898 859 τρομέω
925 805 1032 858 βαρὺ
1058 807 1223 859 χεῦμα
1249 803 1344 858 τεὴν
1360 806 1651 861 μετανεύμενος
1681 806 1819 861 εὐνήν,

669 877 721 920 οὐ
747 878 904 933 βρόμον
930 877 1103 933 ἠχήεντα
1131 879 1443 934 περιπτώσσοιμι
1459 880 1676 936 θαλάσσης.

287 955 421 995 Altero
454 969 566 995 versu
592 956 809 996 membrum
837 954 904 995 καὶ
931 950 1085 996 ἅπλοον
1112 957 1270 996 ἔσσεται
1296 950 1408 1008 ὕδωρ
1435 971 1566 998 omnes
1601 958 1768 1010 pendere
1788 961 2024 1010 putaverunt
2052 961 2092 997 et
2128 956 2255 1008 ipsum
2283 955 2336 995 ab

287 1031 545 1069 antecedentis
572 1032 735 1070 membri
763 1031 955 1081 particula
981 1031 1249 1077 conditionali,
1286 1031 1388 1081 quod
1414 1036 1454 1070 et
1479 1037 1638 1083 propter
1673 1032 1873 1071 modorum
1898 1032 2167 1070 inconcinnam
2204 1036 2335 1069 muta-

287 1105 428 1142 tionem
456 1109 496 1143 et
521 1109 680 1154 propter
695 1106 907 1144 sententiae
935 1106 1056 1154 ipsius
1074 1106 1242 1154 ineptias
1269 1105 1362 1144 ferri
1388 1107 1541 1154 nequit:
1570 1103 1768 1144 ἅπλοον
1787 1107 1889 1144 enim
1907 1108 1940 1144 si
1966 1120 2009 1145 re
2037 1119 2131 1144 vera
2158 1105 2334 1144 futurum

288 1182 347 1218 est
373 1172 496 1229 ὕδωρ,
523 1178 694 1230 profecto
717 1192 787 1218 nec
815 1178 992 1218 Leander
1021 1174 1142 1230 οἶδμα
1169 1174 1396 1231 περήσει.
1424 1179 1561 1230 Itaque
1585 1179 1670 1230 jam
1697 1184 1787 1219 ante
1815 1179 1961 1230 aliquot
1987 1193 2106 1220 annos
2134 1174 2334 1219 εὔπλοον

287 1252 450 1303 margini
478 1252 772 1303 adscripseram,
800 1252 903 1303 quod
930 1266 1031 1291 nunc
1058 1253 1099 1291 in
1126 1252 1163 1292 P
1190 1252 1318 1291 inveni
1345 1252 1583 1303 diphthongo
1612 1266 1667 1291 ευ
1694 1256 1825 1292 tamen
1860 1252 1917 1292 ita
1943 1266 2013 1304 per
2039 1267 2158 1292 unum
2185 1254 2330 1293 calami

286 1326 442 1367 ductum
468 1327 695 1376 consociata,
722 1331 766 1368 ut
793 1327 856 1367 vix
883 1340 908 1367 a
936 1326 1101 1379 simplici
1129 1326 1262 1368 littera
1289 1342 1315 1367 α
1342 1326 1525 1378 distingui
1551 1329 1678 1378 queat.
1733 1325 1924 1378 Sequente
1952 1339 2065 1367 versu
2085 1327 2261 1368 Graefius
2291 1329 2333 1369 in

286 1402 520 1455 Lennepiani
550 1402 702 1442 Coluthi
729 1415 763 1442 a.
783 1401 1077 1442 MDCCCXXV.
1106 1415 1130 1442 a
1149 1401 1355 1442 Schaefero
1373 1402 1529 1454 repetiti
1547 1401 1760 1453 appendice
1788 1407 1938 1454 χεῖμα
1964 1401 2193 1453 conjecerat,
2222 1403 2324 1454 quod

285 1479 367 1528 ipse
400 1478 613 1529 probabam
648 1478 817 1516 incertus
844 1482 998 1524 tamen,
1034 1491 1086 1516 an
1113 1477 1410 1528 praeferendum
1446 1481 1548 1516 esset
1574 1473 1715 1526 βαθὺ
1742 1476 1879 1527 χεῦμα.
1937 1478 1990 1516 At
2017 1478 2053 1515 P
2082 1478 2332 1517 Graefianum

285 1552 481 1608 imfentum
508 1551 684 1591 firmavit.

415 1627 552 1665 Levius
579 1631 650 1674 est,
678 1626 781 1677 quod
808 1626 911 1665 idem
939 1640 973 1664 v.
1002 1627 1080 1665 229

730 1700 837 1739 πλῶε
863 1697 1172 1752 βαθυκρήπιδος
1200 1698 1260 1740 ἐπ’
1280 1696 1401 1750 εὕρεά
1429 1705 1566 1751 πορθ
1575 1697 1675 1751 μὸν
1700 1696 1885 1750 Ἀβύδου,

286 1774 388 1827 quod
416 1775 532 1815 etiam
562 1787 595 1814 V.
610 1775 662 1814 26
688 1775 843 1826 legitur,
871 1787 942 1826 pro
957 1775 1110 1826 volgato
1137 1774 1269 1827 δῆμον
1294 1774 1458 1826 praebet
1480 1788 1513 1814 v,
1529 1775 1606 1815 283
1624 1775 1754 1822 obvi03
1782 1774 1948 1826 gravius,
1976 1774 2079 1825 quod
2107 1776 2234 1815 11251
2264 1788 2337 1827 pro

287 1849 471 1900 singulari
501 1849 657 1888 πέπλον
684 1848 876 1900 pluralem
903 1847 1018 1888 offert

731 1918 785 1968 ὥς
812 1919 937 1962 εἰπών
964 1922 1119 1973 μελέων
1146 1922 1303 1973 ἐρατῶν
1331 1919 1559 1962 ἀπεδύσατο
1588 1923 1754 1962 πέπλοι

286 1996 349 2037 hic
385 1995 537 2048 quidem
573 2011 620 2037 ex
653 1996 778 2037 Ulixis
815 1997 1010 2038 Homerici
1046 1997 1263 2038 imitatione
1300 2012 1319 2037 ε
1356 1997 1434 2038 372
1470 1997 1610 2048 εἵματα
1645 1997 1680 2037 δ’
1719 1995 1936 2045 ἐξαπέδυνε
1973 1995 2334 2037 commendabilem.

414 2069 521 2119 Quod
547 2083 581 2110 v.
609 2070 686 2111 275
713 2068 828 2111 offert
855 2069 891 2111 P

729 2142 778 2184 οὐ
807 2147 942 2196 ζυγίην
957 2141 1094 2197 ’Ἠρην
1120 2160 1180 2194 τις
1204 2143 1490 2199 ἐπευφήμησεν
1517 2141 1708 2185 ἀείδων

286 2234 357 2272 pro
384 2221 536 2272 volgato
551 2217 696 2272 ἀοιδός,
724 2233 800 2259 non
826 2221 948 2259 solum
974 2221 1112 2260 melius
1139 2222 1377 2272 nuptialibus
1404 2221 1572 2259 moribus
1600 2220 1802 2259 convenire
1816 2220 1982 2267 videtur,
2011 2220 2078 2259 sed
2098 2221 2217 2259 etiam
2237 2233 2332 2259 con-

288 2296 404 2333 simili
431 2295 512 2334 loco
539 2309 574 2333 v.
603 2295 653 2333 48

731 2364 781 2409 οὐ
808 2365 988 2421 Λιβάνου
1014 2365 1213 2417 θυόεντος
1241 2368 1300 2409 ἐνὶ
1327 2364 1568 2420 πτερύγεσσι
1596 2365 1832 2420 χορεύων

286 2443 476 2484 firmatur.
532 2444 589 2484 Eo
616 2444 683 2495 qui
710 2444 882 2495 sequitur
908 2456 1019 2483 versu
1045 2456 1133 2483 cum
1161 2444 1278 2483 etiam
1305 2443 1343 2483 P
1369 2442 1641 2494 imperfectum
1668 2448 1828 2484 tueatur

732 2522 782 2559 ού
809 2518 961 2558 δαΐδων
986 2514 1214 2570 ἤστραπτε
1242 2516 1361 2565 σέλας
1388 2514 1682 2570 θαλαμηπόλου
1710 2514 1821 2572 εὐνῇ
1850 2502 1977 2572 (εἰοῑ),

285 2605 522 2643 quamquam
549 2594 682 2632 statim
708 2594 824 2632 metri
850 2593 1055 2631 necessitas
1080 2593 1222 2631 iterum
1250 2592 1437 2631 aoristum
1463 2593 1636 2643 postulat
1662 2593 1703 2631 in

731 2663 827 2706 οὐδὲ
854 2663 1154 2720 πολυσκάρθμῳ
1181 2681 1240 2712 τις
1269 2666 1496 2718 ἐπεσκίρτη
1509 2678 1563 2706 σε
1590 2669 1738 2718 χορείῃ,

284 2741 405 2779 etiam
438 2755 472 2779 v.
501 2741 578 2780 278
606 2741 643 2780 Ρ
670 2755 718 2780 ex
753 2742 839 2791 ipsa
873 2741 1021 2781 Musaei
1056 2755 1175 2780 manu
1211 2754 1385 2781 servasse
1417 2741 1570 2781 videtur
1605 2741 1876 2792 imperfectum
1912 2738 2037 2781 ἄειδε
2072 2756 2144 2793 pro
2182 2742 2331 2792 volgari

284 2814 429 2854 aoristo
457 2809 575 2855 ἄεισε.
629 2813 736 2855 Idem
763 2818 915 2867 tempus
942 2815 1061 2855 etiam
1087 2829 1122 2855 v.
1150 2815 1227 2855 319

732 2888 899 2931 πολλάκι
925 2887 1000 2942 μὲν
1027 2887 1271 2931 λιτάνευσε
1299 2893 1557 2943 θαλασσαίην
1581 2887 1824 2943 Ἀφροδίτην
