2692 3515
1179 310 1519 353 -XXIv—

551 435 554 440 “
621 429 673 470 39
715 424 947 477 παιπαλόεις
974 444 1016 469 τε
1043 431 1185 480 Μίμας
1212 427 1279 469 καὶ
1306 425 1508 481 Κωρύκου
1536 425 1640 481 ἄκρα
1667 425 1833 479 κάρηνα,

611 505 665 543 40
705 502 771 543 καὶ
799 499 958 557 Κλάρος
985 499 1203 556 αἰγλήεσσα
1230 501 1297 544 καὶ
1325 502 1526 555 Αἰσαγέης
1553 498 1646 556 ὅρος
1673 499 1784 554 αἰπύ,

705 577 771 617 καὶ
799 575 937 630 Σάμος
963 574 1118 630 ὑδρηλὴ
1146 575 1347 630 Μυκάλης
1374 575 1405 618 τ’
1431 576 1592 619 αἰπεινὰ
1619 575 1785 630 κάρηνα,

707 656 887 704 Μίλητος
913 669 956 692 τε
985 650 1103 699 Κόως
1130 669 1186 703 τε,
1215 650 1329 699 πόλις
1357 651 1566 704 Μερόπων
1593 650 1837 701 ἀνθρώπων,

705 726 772 768 καὶ
799 727 951 775 Κνίδος
978 723 1138 779 αἰπεινὴ
1167 727 1234 767 καὶ
1262 724 1490 779 Κάρπαθος
1516 723 1749 778 ἠνεμόεσσα·

588 801 663 841 146
703 796 803 842 ἀλλὰ
830 797 883 841 σύ
911 797 1049 856 Δήλῳ,
1080 803 1218 854 Φοῖβε,
1246 796 1397 853 μάλιστ’
1427 801 1651 852 ἐπιτέρπεαι
1672 794 1778 851 ἠτορ.

322 876 421 914 Tum
457 876 601 914 caeteri
642 888 775 915 versus
820 876 894 914 147
899 876 1029 915 —178
1070 889 1147 916 uno
1189 881 1322 916 tenore
1363 889 1482 927 usque
1519 875 1568 915 ad
1607 873 1722 914 finem
1760 872 2028 925 sequebantur.
2084 871 2288 916 Caeterum
2329 875 2369 915 in

321 949 510 999 ejusmodi
538 950 734 990 nominum
763 951 1119 990 enumerationibus
1146 951 1232 990 fieri
1260 951 1371 990 facile
1398 951 1577 1002 potuisse,
1603 953 1648 988 ut
1673 948 1813 999 singuli
1850 961 1981 988 versus
2011 950 2223 989 recentiore
2252 962 2369 989 manu

321 1023 567 1071 adderentur,
596 1028 640 1064 ut
667 1024 762 1065 satis
789 1028 955 1071 constat,
984 1025 1042 1065 ita
1069 1025 1186 1064 certis
1214 1025 1451 1076 argumentis
1478 1024 1557 1063 fere
1576 1023 1852 1070 deficientibus,
1881 1025 1947 1074 qui
1966 1025 2145 1074 primitus
2173 1024 2370 1064 adfuerint

322 1098 465 1148 quique
493 1103 629 1148 postea
656 1099 898 1150 irrepserint,
926 1098 1196 1138 demonstratu
1223 1102 1282 1138 est
1308 1097 1584 1137 difficillimum.

447 1172 560 1212 Alter
587 1174 627 1213 in
654 1173 928 1225 Pythicum
957 1172 1242 1224 Apollinem
1278 1172 1439 1225 hymnus
1476 1171 1609 1211 itidem
1653 1176 1741 1223 post
1768 1171 1921 1212 solitam
1948 1173 2268 1214 introductionem
2296 1173 2368 1213 hoc

318 1245 491 1287 habebat
518 1247 693 1287 initium:

480 1322 662 1361 19:207
768 1320 853 1367 πῶς
881 1317 911 1359 τ’
941 1316 992 1369 ἄρ
1021 1317 1054 1359 0²
1083 1316 1249 1371 ὑμνήσω
1278 1317 1437 1366 πάντως
1465 1316 1643 1372 εὔυμνον
1671 1316 1807 1367 ἐόντας

616 1396 668 1435 20
710 1391 842 1445 πάντῃ
870 1391 947 1445 γάρ
975 1409 1048 1444 τοι,
1079 1396 1214 1444 Φοῖβε,
1243 1390 1367 1444 νόμος
1393 1394 1645 1444 βέβληται
1673 1389 1842 1443 άοιδῆς·

616 1467 668 1509 25
709 1461 735 1520 ἢ
764 1462 817 1515 ὥς
845 1477 890 1508 σε
919 1466 1079 1520 πρῶτον
1108 1462 1224 1520 Λητώ
1252 1466 1353 1519 τέκε,
1382 1463 1513 1520 χάρμα
1540 1469 1730 1520 βροτοῖσι,

712 1545 924 1581 κλινθεῖσα
952 1537 1051 1593 πρὸς
1078 1538 1253 1581 Κύνθου
1280 1537 1374 1593 ὅρος
1401 1540 1558 1595 κραναῇ
1587 1540 1648 1583 ἐνὶ
1675 1538 1798 1597 νήσῳ,

711 1614 834 1669 Δήλῳ
863 1616 909 1654 ἐν
936 1612 1159 1668 άμφιρύτῃ;
1188 1613 1378 1668 ἑκάτερθε
1406 1615 1450 1655 δὲ
1477 1616 1584 1669 κῦμα
1612 1613 1798 1657 κελαινὸν

709 1688 813 1742 ἐξῄει
840 1691 1032 1741 χέρσονδε
1060 1694 1302 1740 λιγυπνοίοις
1329 1688 1558 1742 άνέμοισιν,

708 1766 834 1805 ἔνθεν
861 1759 1142 1817 ἀπορνύμενος
1169 1764 1265 1805 πᾶσι
1293 1770 1503 1817 θνητοῖσιν
1531 1761 1729 1813 ἀνάσσεις·

587 1840 665 1881 208
707 1835 757 1892 ἠέ
782 1835 816 1880 σ’
846 1838 907 1879 ἐνὶ
933 1839 1184 1892 μνηστῆρσιν
1211 1835 1329 1880 άείδω
1356 1840 1422 1880 καὶ
1450 1836 1641 1892 φιλότητι,

322 1920 405 1954 tum
435 1915 577 1954 caeteri
605 1915 869 1964 sequebantur
896 1927 1029 1953 versus
1059 1914 1270 1953 209—546
1297 1927 1417 1966 usque
1444 1915 1493 1955 ad
1520 1914 1646 1955 finem.

450 1991 507 2028 De
536 1991 695 2039 singulis
723 2003 816 2028 sane
844 1990 1045 2038 disputare
1073 1994 1113 2027 et
1138 1989 1340 2027 dissentire
1367 1989 1466 2026 licet.
1521 1989 1595 2027 Sed
1623 1989 1811 2040 ejusmodi
1837 2002 2018 2029 versuum
2045 1991 2364 2042 transpositiones

322 2063 636 2113 diversorumque
663 2064 880 2103 carminum
908 2062 1174 2101 distinctiones
1202 2063 1355 2100 omnino
1382 2063 1493 2100 nimis
1521 2063 1704 2101 violentas
1732 2076 1814 2101 esse
1831 2065 1863 2101 si
1882 2065 1966 2114 quis
1985 2066 2189 2114 putaverit,
2217 2066 2250 2103 is
2273 2077 2362 2115 pro—

320 2137 423 2179 fecto
451 2150 532 2185 nee,
561 2150 679 2189 quam
706 2136 846 2178 misere
874 2134 1034 2178 confusa
1061 2135 1158 2175 haec
1187 2135 1239 2175 sit
1266 2135 1462 2175 variarum
1490 2135 1737 2185 reliquiarum
1764 2138 1965 2183 colluvies,
1993 2141 2254 2187 perspexerit,
2281 2152 2363 2184 nec,

320 2213 467 2261 quanta
493 2211 533 2248 in
568 2210 686 2260 epicis
723 2209 891 2249 maxime
928 2208 1118 2260 poematis
1154 2211 1195 2247 et
1221 2207 1482 2247 discernendis
1519 2212 1559 2248 et
1593 2209 1863 2261 conjungendis
1899 2215 2103 2250 accuratae
2140 2211 2364 2262 cognitionis

320 2285 608 2335 constantisque
636 2283 893 2334 inquisitionis
922 2283 973 2322 sit
1000 2283 1101 2322 ratio
1129 2286 1169 2321 et
1195 2282 1462 2333 probabilitas,
1488 2283 1569 2333 ipse
1596 2288 1775 2334 expertus
1802 2284 1862 2324 sit.
1917 2284 2052 2335 Itaque
2081 2284 2182 2335 quod
2210 2286 2364 2325 criticae

321 2372 441 2410 genus
469 2358 555 2398 aliis
583 2358 623 2397 in
650 2357 904 2409 scriptoribus
931 2357 1010 2396 alia
1037 2369 1195 2408 prorsus
1223 2368 1346 2407 eaque
1374 2356 1532 2398 meliore
1553 2356 1763 2398 conditione
1790 2357 1944 2399 traditis
1963 2362 2033 2398 aut
2052 2358 2245 2410 piaculum
2264 2365 2365 2400 esset

321 2437 390 2473 aut
416 2432 622 2477 dementia,
648 2431 752 2471 idem
779 2432 820 2470 in
846 2431 923 2470 illis
951 2432 1213 2482 similibusque
1241 2431 1470 2482 fragmentis
1497 2432 1607 2470 unice
1635 2443 1770 2471 sanum
1797 2437 1837 2472 et
1862 2445 1997 2473 verum
2013 2437 2082 2480 est,
2110 2437 2153 2472 ut
2179 2433 2241 2473 hic
2269 2447 2363 2485 quo-

322 2519 396 2557 que
424 2506 667 2547 notissimum
693 2504 790 2544 illud
818 2504 954 2545 leviter
981 2504 1176 2545 detortum
1203 2505 1353 2545 valeat:
1397 2504 1499 2554 „duo
1527 2505 1560 2544 si
1586 2506 1855 2555 patiuntur
1881 2507 2003 2554 idem,
2030 2520 2104 2547 non
2132 2512 2192 2548 est
2218 2508 2319 2549 idem
2330 2508 2364 2548 l“

451 2580 703 2620 Inveniuntur
729 2583 860 2619 tamen
880 2580 999 2619 etiam
1026 2580 1114 2619 aliis
1133 2580 1174 2618 in
1191 2579 1445 2629 scriptoribus
1464 2579 1549 2625 loci,
1577 2579 1643 2628 qui
1659 2579 1948 2630 diligentissime
1962 2582 2163 2632 pensitatis
2190 2583 2364 2623 omnibus

324 2653 438 2694 simili
465 2653 615 2694 ratione
644 2652 838 2693 tractandi
875 2654 962 2693 sint.
1018 2653 1166 2693 Eorum
1190 2666 1309 2692 unum
1345 2652 1460 2702 idque
1497 2653 1665 2693 omnium
1700 2654 1965 2703 gravissimum
2003 2657 2363 2707 apertissimumque

324 2728 542 2781 exemplum
568 2727 630 2768 hic
658 2726 835 2768 attulisse
859 2726 973 2779 juvat
999 2725 1291 2768 celeberrimum
1323 2740 1370 2766 ex
1399 2726 1743 2778 Aristophane
1771 2728 1910 2776 locum,
1938 2744 2013 2780 quo
2040 2730 2104 2769 ille
2123 2731 2161 2769 in
2189 2732 2301 2770 Ran.
2329 2745 2363 2769 v.

327 2803 598 2841 1420—1466.
628 2801 862 2854 Aeschylum
890 2806 1007 2852 atque
1036 2800 1262 2852 Euripidem
1289 2800 1337 2839 de
1366 2801 1421 2840 rei
1448 2800 1626 2853 publicae
1654 2802 1867 2842 conditione
1890 2802 2107 2854 judicantes
2135 2803 2234 2845 fecit.
2290 2804 2364 2853 Qui

324 2877 430 2916 locus
453 2876 535 2926 jam
563 2877 613 2917 ab
641 2876 912 2916 Alexandrinis
939 2877 1084 2916 criticis
1112 2881 1343 2917 attrectatus
1363 2881 1527 2928 quantas
1547 2878 1801 2919 recentiorum
1821 2878 2077 2920 dubitationes
2100 2879 2362 2931 conjecturas-
