<?xml version="1.0" encoding="UTF-8"?>
<!DOCTYPE html PUBLIC "-//W3C//DTD XHTML 1.0 Transitional//EN"
    "http://www.w3.org/TR/xhtml1/DTD/xhtml1-transitional.dtd">
<html xmlns="http://www.w3.org/1999/xhtml" xml:lang="en" lang="en">
 <head>
  <title>
</title>
<meta http-equiv="Content-Type" content="text/html;charset=utf-8" />
  <meta name='ocr-system' content='tesseract 3.04.00' />
  <meta name='ocr-capabilities' content='ocr_page ocr_carea ocr_par ocr_line ocrx_word'/>
</head>
<body>
  <div class='ocr_page' id='page_1' title='image "./4771400_0035.png"; bbox 0 0 2692 3515; ppageno 0'>
   <div class='ocr_carea' id='block_1_1' title="bbox 1162 306 1522 347">
    <p class='ocr_par' dir='ltr' id='par_1_1' title="bbox 1162 306 1522 347">
     <span class='ocr_line' id='line_1_1' title="bbox 1162 306 1522 347; baseline 0.003 -1"><span class='ocrx_word' id='word_1_1' title='bbox 1162 328 1214 336; x_wconf 82' lang='lat'><em>—</em></span> <span class='ocrx_word' id='word_1_2' title='bbox 1267 306 1416 347; x_wconf 88' lang='lat' dir='ltr'>XXVII</span> <span class='ocrx_word' id='word_1_3' title='bbox 1470 331 1522 336; x_wconf 82' lang='lat'>--</span> 
     </span>
    </p>
   </div>
   <div class='ocr_carea' id='block_1_2' title="bbox 316 413 2366 1817">
    <p class='ocr_par' dir='ltr' id='par_1_2' title="bbox 316 413 2366 1817">
     <span class='ocr_line' id='line_1_2' title="bbox 578 413 1639 475; baseline 0.004 -16"><span class='ocrx_word' id='word_1_4' title='bbox 578 423 733 460; x_wconf 86' lang='lat' dir='ltr'><em>AION.</em></span> <span class='ocrx_word' id='word_1_5' title='bbox 769 416 940 473; x_wconf 77' lang='grc' dir='ltr'><strong><em>εῧρισκε,</em></strong></span> <span class='ocrx_word' id='word_1_6' title='bbox 968 418 1019 473; x_wconf 81' lang='grc' dir='ltr'><strong><em>νὴ</em></strong></span> <span class='ocrx_word' id='word_1_7' title='bbox 1046 418 1129 474; x_wconf 84' lang='grc' dir='ltr'>Δί’,</span> <span class='ocrx_word' id='word_1_8' title='bbox 1156 413 1258 475; x_wconf 82' lang='grc' dir='ltr'><strong><em>ᾗπερ</em></strong></span> <span class='ocrx_word' id='word_1_9' title='bbox 1285 420 1480 463; x_wconf 75' lang='grc' dir='ltr'><strong><em>ἀναδύσει</em></strong></span> <span class='ocrx_word' id='word_1_10' title='bbox 1507 421 1639 463; x_wconf 75' lang='grc' dir='ltr'><strong><em>πάλιν.</em></strong></span> 
     </span>
     <span class='ocr_line' id='line_1_3' title="bbox 591 492 1713 551; baseline 0.004 -16"><span class='ocrx_word' id='word_1_11' title='bbox 591 498 738 536; x_wconf 85' lang='grc' dir='ltr'><em>ΑΙΣΧ.</em></span> <span class='ocrx_word' id='word_1_12' title='bbox 776 496 860 537; x_wconf 82' lang='grc' dir='ltr'><strong><em>ἐκεῖ</em></strong></span> <span class='ocrx_word' id='word_1_13' title='bbox 883 492 1072 549; x_wconf 78' lang='grc' dir='ltr'><em>φράσαιμ’</em></span> <span class='ocrx_word' id='word_1_14' title='bbox 1101 493 1165 538; x_wconf 74' lang='grc' dir='ltr'><strong><em>ἄν·</em></strong></span> <span class='ocrx_word' id='word_1_15' title='bbox 1193 498 1338 539; x_wconf 79' lang='grc' dir='ltr'><strong><em>ἐνθαδὶ</em></strong></span> <span class='ocrx_word' id='word_1_16' title='bbox 1366 494 1401 538; x_wconf 86' lang='grc' dir='ltr'>δ’</span> <span class='ocrx_word' id='word_1_17' title='bbox 1430 494 1481 539; x_wconf 78' lang='grc' dir='ltr'>οὗ</span> <span class='ocrx_word' id='word_1_18' title='bbox 1505 495 1713 551; x_wconf 81' lang='grc' dir='ltr'><strong><em>βούλομαι.</em></strong></span> 
     </span>
     <span class='ocr_line' id='line_1_4' title="bbox 577 566 1722 626; baseline 0.003 -15"><span class='ocrx_word' id='word_1_19' title='bbox 577 573 730 612; x_wconf 92' lang='grc' dir='ltr'><em>ΔΙΟΝ.</em></span> <span class='ocrx_word' id='word_1_20' title='bbox 768 566 822 624; x_wconf 84' lang='grc' dir='ltr'>μὴ</span> <span class='ocrx_word' id='word_1_21' title='bbox 849 570 948 624; x_wconf 84' lang='grc' dir='ltr'><strong><em>δῆτα</em></strong></span> <span class='ocrx_word' id='word_1_22' title='bbox 976 567 1029 613; x_wconf 81' lang='grc' dir='ltr'>σύ</span> <span class='ocrx_word' id='word_1_23' title='bbox 1042 567 1090 625; x_wconf 75' lang='grc' dir='ltr'>γ’,</span> <span class='ocrx_word' id='word_1_24' title='bbox 1118 566 1199 614; x_wconf 71' lang='grc' dir='ltr'><em>ἀλλ’</em></span> <span class='ocrx_word' id='word_1_25' title='bbox 1229 568 1391 614; x_wconf 79' lang='grc' dir='ltr'><strong><em>ἐνθένδ’</em></strong></span> <span class='ocrx_word' id='word_1_26' title='bbox 1420 568 1524 614; x_wconf 75' lang='grc' dir='ltr'><strong><em>ἀνίει</em></strong></span> <span class='ocrx_word' id='word_1_27' title='bbox 1550 568 1722 626; x_wconf 72' lang='grc' dir='ltr'><strong><em>τάγαθά.</em></strong></span> 
     </span>
     <span class='ocr_line' id='line_1_5' title="bbox 449 644 2366 703; baseline 0.003 -17"><span class='ocrx_word' id='word_1_28' title='bbox 449 644 523 686; x_wconf 86' lang='lat' dir='ltr'>Sed</span> <span class='ocrx_word' id='word_1_29' title='bbox 549 650 679 687; x_wconf 89' lang='lat' dir='ltr'>utrum</span> <span class='ocrx_word' id='word_1_30' title='bbox 704 647 767 687; x_wconf 84' lang='lat' dir='ltr'>hic</span> <span class='ocrx_word' id='word_1_31' title='bbox 793 647 875 699; x_wconf 91' lang='lat' dir='ltr'>ipse</span> <span class='ocrx_word' id='word_1_32' title='bbox 902 647 1129 699; x_wconf 89' lang='lat' dir='ltr'>compilator</span> <span class='ocrx_word' id='word_1_33' title='bbox 1163 662 1214 689; x_wconf 88' lang='lat' dir='ltr'>an</span> <span class='ocrx_word' id='word_1_34' title='bbox 1251 648 1386 689; x_wconf 85' lang='lat' dir='ltr'>solitae</span> <span class='ocrx_word' id='word_1_35' title='bbox 1423 648 1570 690; x_wconf 85' lang='lat' dir='ltr'>farinae</span> <span class='ocrx_word' id='word_1_36' title='bbox 1607 650 1864 702; x_wconf 74' lang='lat' dir='ltr'>interpolator</span> <span class='ocrx_word' id='word_1_37' title='bbox 1891 651 2044 703; x_wconf 86' lang='lat' dir='ltr'>ineptos</span> <span class='ocrx_word' id='word_1_38' title='bbox 2084 664 2218 691; x_wconf 78' lang='lat' dir='ltr'>versus</span> <span class='ocrx_word' id='word_1_39' title='bbox 2263 651 2366 692; x_wconf 80' lang='lat'>1432</span> 
     </span>
     <span class='ocr_line' id='line_1_6' title="bbox 764 717 1677 776; baseline 0.003 -14"><span class='ocrx_word' id='word_1_40' title='bbox 764 718 933 774; x_wconf 78' lang='grc' dir='ltr'><strong><em>μάλιστα</em></strong></span> <span class='ocrx_word' id='word_1_41' title='bbox 960 720 1035 774; x_wconf 81' lang='grc' dir='ltr'><strong><em>μὲν</em></strong></span> <span class='ocrx_word' id='word_1_42' title='bbox 1061 721 1204 764; x_wconf 80' lang='grc' dir='ltr'><strong><em>λέοντα</em></strong></span> <span class='ocrx_word' id='word_1_43' title='bbox 1231 718 1285 774; x_wconf 83' lang='grc' dir='ltr'>μὴ</span> <span class='ocrx_word' id='word_1_44' title='bbox 1309 717 1348 762; x_wconf 87' lang='grc' dir='ltr'><strong><em>’ν</em></strong></span> <span class='ocrx_word' id='word_1_45' title='bbox 1375 719 1487 763; x_wconf 81' lang='grc' dir='ltr'><strong><em>πόλει</em></strong></span> <span class='ocrx_word' id='word_1_46' title='bbox 1513 722 1677 776; x_wconf 79' lang='grc' dir='ltr'><strong><em>τρέφειν</em></strong></span> 
     </span>
     <span class='ocr_line' id='line_1_7' title="bbox 322 795 556 848; baseline -0.009 -11"><span class='ocrx_word' id='word_1_47' title='bbox 322 798 362 837; x_wconf 89' lang='lat' dir='ltr'>et</span> <span class='ocrx_word' id='word_1_48' title='bbox 391 795 491 836; x_wconf 87' lang='lat'>1449</span> <span class='ocrx_word' id='word_1_49' title='bbox 502 809 556 848; x_wconf 89' lang='lat' dir='ltr'>sq.</span> 
     </span>
     <span class='ocr_line' id='line_1_8' title="bbox 765 867 1686 922; baseline 0.002 -13"><span class='ocrx_word' id='word_1_50' title='bbox 765 871 802 909; x_wconf 82' lang='grc' dir='ltr'>εἰ</span> <span class='ocrx_word' id='word_1_51' title='bbox 826 869 905 909; x_wconf 87' lang='grc' dir='ltr'>νῦν</span> <span class='ocrx_word' id='word_1_52' title='bbox 932 884 978 922; x_wconf 77' lang='grc' dir='ltr'>γε</span> <span class='ocrx_word' id='word_1_53' title='bbox 1005 869 1286 922; x_wconf 82' lang='grc' dir='ltr'><strong><em>δυστυχοῦμεν</em></strong></span> <span class='ocrx_word' id='word_1_54' title='bbox 1313 868 1359 908; x_wconf 83' lang='grc' dir='ltr'><strong><em>ἐν</em></strong></span> <span class='ocrx_word' id='word_1_55' title='bbox 1386 867 1575 922; x_wconf 84' lang='grc' dir='ltr'><em>τούτοισι,</em></span> <span class='ocrx_word' id='word_1_56' title='bbox 1603 871 1686 919; x_wconf 75' lang='grc' dir='ltr'>πῶς</span> 
     </span>
     <span class='ocr_line' id='line_1_9' title="bbox 762 940 1682 995; baseline 0.001 -12"><span class='ocrx_word' id='word_1_57' title='bbox 762 940 941 983; x_wconf 78' lang='grc' dir='ltr'><strong><em>τάναντί’</em></strong></span> <span class='ocrx_word' id='word_1_58' title='bbox 969 940 1022 983; x_wconf 73' lang='grc' dir='ltr'><strong><em>ἂν</em></strong></span> <span class='ocrx_word' id='word_1_59' title='bbox 1049 941 1271 995; x_wconf 79' lang='grc' dir='ltr'><strong><em>πράξαντες</em></strong></span> <span class='ocrx_word' id='word_1_60' title='bbox 1299 940 1350 982; x_wconf 82' lang='grc' dir='ltr'>οὐ</span> <span class='ocrx_word' id='word_1_61' title='bbox 1377 942 1581 995; x_wconf 79' lang='grc' dir='ltr'><strong><em>σωζοίμεθ’</em></strong></span> <span class='ocrx_word' id='word_1_62' title='bbox 1610 943 1682 993; x_wconf 75' lang='grc' dir='ltr'><strong><em>ἅνς</em></strong></span> 
     </span>
     <span class='ocr_line' id='line_1_10' title="bbox 316 1019 1658 1070; baseline 0.001 -12"><span class='ocrx_word' id='word_1_63' title='bbox 316 1019 401 1070; x_wconf 83' lang='lat' dir='ltr'>jam</span> <span class='ocrx_word' id='word_1_64' title='bbox 427 1019 569 1058; x_wconf 90' lang='lat' dir='ltr'>dudum</span> <span class='ocrx_word' id='word_1_65' title='bbox 597 1033 621 1059; x_wconf 90' lang='lat' dir='ltr'>a</span> <span class='ocrx_word' id='word_1_66' title='bbox 647 1020 790 1059; x_wconf 86' lang='lat' dir='ltr'>criticis</span> <span class='ocrx_word' id='word_1_67' title='bbox 818 1020 991 1069; x_wconf 85' lang='lat' dir='ltr'>explosos</span> <span class='ocrx_word' id='word_1_68' title='bbox 1018 1020 1232 1065; x_wconf 81' lang='lat' dir='ltr'><strong>intruserit,</strong></span> <span class='ocrx_word' id='word_1_69' title='bbox 1259 1019 1408 1058; x_wconf 90' lang='lat' dir='ltr'>nescire</span> <span class='ocrx_word' id='word_1_70' title='bbox 1435 1032 1497 1063; x_wconf 83' lang='lat' dir='ltr'>me</span> <span class='ocrx_word' id='word_1_71' title='bbox 1524 1019 1658 1059; x_wconf 84' lang='lat' dir='ltr'>fateor.</span> 
     </span>
     <span class='ocr_line' id='line_1_11' title="bbox 447 1092 2362 1150; baseline 0.002 -15"><span class='ocrx_word' id='word_1_72' title='bbox 447 1092 575 1135; x_wconf 90' lang='lat' dir='ltr'>Unum</span> <span class='ocrx_word' id='word_1_73' title='bbox 602 1095 813 1146; x_wconf 86' lang='lat' dir='ltr'>quaeritur,</span> <span class='ocrx_word' id='word_1_74' title='bbox 841 1093 907 1146; x_wconf 91' lang='lat' dir='ltr'>qui</span> <span class='ocrx_word' id='word_1_75' title='bbox 933 1092 1080 1135; x_wconf 87' lang='lat' dir='ltr'>factum</span> <span class='ocrx_word' id='word_1_76' title='bbox 1107 1093 1170 1141; x_wconf 90' lang='lat' dir='ltr'>sit,</span> <span class='ocrx_word' id='word_1_77' title='bbox 1197 1097 1242 1134; x_wconf 89' lang='lat' dir='ltr'>ut</span> <span class='ocrx_word' id='word_1_78' title='bbox 1269 1092 1554 1134; x_wconf 85' lang='lat' dir='ltr'>contaminator</span> <span class='ocrx_word' id='word_1_79' title='bbox 1581 1093 1761 1147; x_wconf 81' lang='lat' dir='ltr'><strong>Aeschyli</strong></span> <span class='ocrx_word' id='word_1_80' title='bbox 1787 1093 1834 1136; x_wconf 92' lang='lat' dir='ltr'>de</span> <span class='ocrx_word' id='word_1_81' title='bbox 1871 1095 2070 1147; x_wconf 83' lang='lat' dir='ltr'>republica</span> <span class='ocrx_word' id='word_1_82' title='bbox 2107 1102 2362 1150; x_wconf 88' lang='lat' dir='ltr'>praeceptum</span> 
     </span>
     <span class='ocr_line' id='line_1_12' title="bbox 320 1167 2361 1222; baseline 0.002 -13"><span class='ocrx_word' id='word_1_83' title='bbox 320 1183 354 1210; x_wconf 87' lang='lat' dir='ltr'>v.</span> <span class='ocrx_word' id='word_1_84' title='bbox 386 1169 642 1210; x_wconf 84' lang='lat'>1443--1450</span> <span class='ocrx_word' id='word_1_85' title='bbox 670 1182 757 1209; x_wconf 90' lang='lat' dir='ltr'>cum</span> <span class='ocrx_word' id='word_1_86' title='bbox 784 1169 869 1221; x_wconf 91' lang='lat' dir='ltr'>ipsa</span> <span class='ocrx_word' id='word_1_87' title='bbox 894 1167 1166 1219; x_wconf 84' lang='lat' dir='ltr'>An‘stopham&#39;s</span> <span class='ocrx_word' id='word_1_88' title='bbox 1192 1167 1385 1209; x_wconf 87' lang='lat' dir='ltr'>sententia</span> <span class='ocrx_word' id='word_1_89' title='bbox 1421 1180 1540 1220; x_wconf 87' lang='lat' dir='ltr'>supra</span> <span class='ocrx_word' id='word_1_90' title='bbox 1576 1181 1610 1208; x_wconf 81' lang='lat' dir='ltr'>v,</span> <span class='ocrx_word' id='word_1_91' title='bbox 1640 1168 1847 1209; x_wconf 79' lang='lat'><strong>718-737</strong></span> <span class='ocrx_word' id='word_1_92' title='bbox 1877 1169 2019 1211; x_wconf 75' lang='lat' dir='ltr'>diserte</span> <span class='ocrx_word' id='word_1_93' title='bbox 2047 1170 2239 1222; x_wconf 83' lang='lat' dir='ltr'>explicata</span> <span class='ocrx_word' id='word_1_94' title='bbox 2268 1185 2361 1213; x_wconf 90' lang='lat' dir='ltr'>con-</span> 
     </span>
     <span class='ocr_line' id='line_1_13' title="bbox 321 1242 2359 1299; baseline 0.001 -16"><span class='ocrx_word' id='word_1_95' title='bbox 321 1244 486 1284; x_wconf 89' lang='lat' dir='ltr'>sentiens</span> <span class='ocrx_word' id='word_1_96' title='bbox 512 1242 699 1295; x_wconf 77' lang='lat' dir='ltr'>Euripidi,</span> <span class='ocrx_word' id='word_1_97' title='bbox 726 1242 922 1294; x_wconf 82' lang='lat' dir='ltr'>Euripidis</span> <span class='ocrx_word' id='word_1_98' title='bbox 949 1253 1040 1281; x_wconf 84' lang='lat' dir='ltr'>vero</span> <span class='ocrx_word' id='word_1_99' title='bbox 1067 1253 1295 1292; x_wconf 88' lang='lat' dir='ltr'>responsum</span> <span class='ocrx_word' id='word_1_100' title='bbox 1322 1254 1356 1280; x_wconf 89' lang='lat' dir='ltr'>v.</span> <span class='ocrx_word' id='word_1_101' title='bbox 1379 1242 1641 1282; x_wconf 81' lang='lat'>1463—1466</span> <span class='ocrx_word' id='word_1_102' title='bbox 1669 1243 1744 1294; x_wconf 89' lang='lat' dir='ltr'>ipsi</span> <span class='ocrx_word' id='word_1_103' title='bbox 1771 1243 1911 1283; x_wconf 83' lang='lat' dir='ltr'>Pericli</span> <span class='ocrx_word' id='word_1_104' title='bbox 1937 1243 2030 1296; x_wconf 83' lang='lat' dir='ltr'>(vid.</span> <span class='ocrx_word' id='word_1_105' title='bbox 2058 1244 2174 1284; x_wconf 86' lang='lat' dir='ltr'>Thuc.</span> <span class='ocrx_word' id='word_1_106' title='bbox 2203 1246 2233 1293; x_wconf 78' lang='grc' dir='ltr'>Ι,</span> <span class='ocrx_word' id='word_1_107' title='bbox 2265 1248 2359 1299; x_wconf 82' lang='grc'>143)</span> 
     </span>
     <span class='ocr_line' id='line_1_14' title="bbox 321 1316 2361 1374; baseline 0.001 -16"><span class='ocrx_word' id='word_1_108' title='bbox 321 1318 533 1358; x_wconf 90' lang='lat' dir='ltr'>sublectum</span> <span class='ocrx_word' id='word_1_109' title='bbox 556 1317 743 1370; x_wconf 84' lang='lat' dir='ltr'>Aeschylo</span> <span class='ocrx_word' id='word_1_110' title='bbox 770 1317 930 1357; x_wconf 85' lang='lat' dir='ltr'>dederit.</span> <span class='ocrx_word' id='word_1_111' title='bbox 985 1316 1140 1367; x_wconf 83' lang='lat' dir='ltr'>Duplex</span> <span class='ocrx_word' id='word_1_112' title='bbox 1167 1316 1250 1367; x_wconf 87' lang='lat' dir='ltr'>ejus</span> <span class='ocrx_word' id='word_1_113' title='bbox 1278 1318 1503 1357; x_wconf 87' lang='lat' dir='ltr'>mutationis</span> <span class='ocrx_word' id='word_1_114' title='bbox 1530 1331 1648 1357; x_wconf 90' lang='lat' dir='ltr'>causa</span> <span class='ocrx_word' id='word_1_115' title='bbox 1675 1319 1886 1369; x_wconf 82' lang='lat' dir='ltr'>excogitari</span> <span class='ocrx_word' id='word_1_116' title='bbox 1913 1323 2060 1370; x_wconf 80' lang='lat' dir='ltr'>potest:</span> <span class='ocrx_word' id='word_1_117' title='bbox 2089 1324 2158 1359; x_wconf 86' lang='lat' dir='ltr'>aut</span> <span class='ocrx_word' id='word_1_118' title='bbox 2172 1321 2361 1374; x_wconf 73' lang='lat' dir='ltr'>Aeschylo</span> 
     </span>
     <span class='ocr_line' id='line_1_15' title="bbox 319 1390 2360 1445; baseline 0.001 -12"><span class='ocrx_word' id='word_1_119' title='bbox 319 1392 474 1434; x_wconf 89' lang='lat' dir='ltr'>nolebat</span> <span class='ocrx_word' id='word_1_120' title='bbox 500 1392 685 1444; x_wconf 86' lang='lat' dir='ltr'>ejusmodi</span> <span class='ocrx_word' id='word_1_121' title='bbox 711 1396 961 1444; x_wconf 86' lang='lat' dir='ltr'>praeceptum</span> <span class='ocrx_word' id='word_1_122' title='bbox 988 1390 1190 1442; x_wconf 88' lang='lat' dir='ltr'>subjicere,</span> <span class='ocrx_word' id='word_1_123' title='bbox 1219 1391 1321 1443; x_wconf 91' lang='lat' dir='ltr'>quod</span> <span class='ocrx_word' id='word_1_124' title='bbox 1348 1405 1423 1432; x_wconf 90' lang='lat' dir='ltr'>non</span> <span class='ocrx_word' id='word_1_125' title='bbox 1452 1396 1649 1432; x_wconf 87' lang='lat' dir='ltr'>secuturos</span> <span class='ocrx_word' id='word_1_126' title='bbox 1673 1406 1756 1432; x_wconf 89' lang='lat' dir='ltr'>esse</span> <span class='ocrx_word' id='word_1_127' title='bbox 1794 1393 2048 1434; x_wconf 85' lang='lat' dir='ltr'>Athenienses</span> <span class='ocrx_word' id='word_1_128' title='bbox 2075 1394 2156 1445; x_wconf 88' lang='lat' dir='ltr'>ipse</span> <span class='ocrx_word' id='word_1_129' title='bbox 2184 1395 2360 1437; x_wconf 87' lang='lat' dir='ltr'>Bacchus</span> 
     </span>
     <span class='ocr_line' id='line_1_16' title="bbox 318 1465 2362 1519; baseline 0.001 -12"><span class='ocrx_word' id='word_1_130' title='bbox 318 1467 376 1507; x_wconf 88' lang='lat' dir='ltr'>illi</span> <span class='ocrx_word' id='word_1_131' title='bbox 400 1468 654 1518; x_wconf 86' lang='lat' dir='ltr'>interroganti</span> <span class='ocrx_word' id='word_1_132' title='bbox 679 1480 711 1506; x_wconf 83' lang='lat' dir='ltr'>v.</span> <span class='ocrx_word' id='word_1_133' title='bbox 742 1465 1002 1505; x_wconf 84' lang='lat'>1454—1459</span> <span class='ocrx_word' id='word_1_134' title='bbox 1026 1465 1111 1515; x_wconf 89' lang='lat' dir='ltr'>jam</span> <span class='ocrx_word' id='word_1_135' title='bbox 1137 1465 1393 1512; x_wconf 85' lang='lat' dir='ltr'>indicavisset,</span> <span class='ocrx_word' id='word_1_136' title='bbox 1421 1470 1489 1505; x_wconf 87' lang='lat' dir='ltr'>aut</span> <span class='ocrx_word' id='word_1_137' title='bbox 1508 1467 1685 1517; x_wconf 89' lang='lat' dir='ltr'>Euripidi</span> <span class='ocrx_word' id='word_1_138' title='bbox 1703 1467 1902 1507; x_wconf 86' lang='lat' dir='ltr'>invidebat</span> <span class='ocrx_word' id='word_1_139' title='bbox 1919 1468 2116 1507; x_wconf 88' lang='lat' dir='ltr'>Pericleae</span> <span class='ocrx_word' id='word_1_140' title='bbox 2133 1469 2362 1519; x_wconf 86' lang='lat' dir='ltr'>prudentiae</span> 
     </span>
     <span class='ocr_line' id='line_1_17' title="bbox 318 1539 2360 1596; baseline 0.002 -15"><span class='ocrx_word' id='word_1_141' title='bbox 318 1541 481 1594; x_wconf 88' lang='lat' dir='ltr'>gloriam</span> <span class='ocrx_word' id='word_1_142' title='bbox 494 1553 727 1593; x_wconf 87' lang='lat' dir='ltr'>quamquam</span> <span class='ocrx_word' id='word_1_143' title='bbox 741 1540 790 1581; x_wconf 86' lang='lat' dir='ltr'>ab</span> <span class='ocrx_word' id='word_1_144' title='bbox 807 1540 884 1580; x_wconf 89' lang='lat' dir='ltr'>illis</span> <span class='ocrx_word' id='word_1_145' title='bbox 899 1552 991 1580; x_wconf 86' lang='lat' dir='ltr'>sane</span> <span class='ocrx_word' id='word_1_146' title='bbox 1005 1539 1241 1591; x_wconf 88' lang='lat' dir='ltr'>temporibus</span> <span class='ocrx_word' id='word_1_147' title='bbox 1256 1539 1522 1581; x_wconf 85' lang='lat' dir='ltr'>alienissimae.</span> <span class='ocrx_word' id='word_1_148' title='bbox 1552 1539 1627 1581; x_wconf 88' lang='lat' dir='ltr'>Sed</span> <span class='ocrx_word' id='word_1_149' title='bbox 1641 1539 1781 1581; x_wconf 90' lang='lat' dir='ltr'>harum</span> <span class='ocrx_word' id='word_1_150' title='bbox 1795 1554 2001 1582; x_wconf 87' lang='lat' dir='ltr'>causarum</span> <span class='ocrx_word' id='word_1_151' title='bbox 2015 1546 2156 1584; x_wconf 84' lang='lat' dir='ltr'>neutra</span> <span class='ocrx_word' id='word_1_152' title='bbox 2184 1556 2360 1596; x_wconf 89' lang='lat' dir='ltr'>compro-</span> 
     </span>
     <span class='ocr_line' id='line_1_18' title="bbox 318 1613 2364 1668; baseline 0 -12"><span class='ocrx_word' id='word_1_153' title='bbox 318 1615 404 1656; x_wconf 90' lang='lat' dir='ltr'>bari</span> <span class='ocrx_word' id='word_1_154' title='bbox 429 1619 567 1668; x_wconf 87' lang='lat' dir='ltr'>potest,</span> <span class='ocrx_word' id='word_1_155' title='bbox 593 1619 725 1667; x_wconf 87' lang='lat' dir='ltr'>estque</span> <span class='ocrx_word' id='word_1_156' title='bbox 752 1615 793 1655; x_wconf 92' lang='lat' dir='ltr'>in</span> <span class='ocrx_word' id='word_1_157' title='bbox 818 1614 976 1655; x_wconf 88' lang='lat' dir='ltr'>lubricis</span> <span class='ocrx_word' id='word_1_158' title='bbox 1002 1613 1062 1653; x_wconf 88' lang='lat' dir='ltr'>his</span> <span class='ocrx_word' id='word_1_159' title='bbox 1080 1614 1246 1654; x_wconf 85' lang='lat' dir='ltr'>maxime</span> <span class='ocrx_word' id='word_1_160' title='bbox 1273 1614 1599 1666; x_wconf 82' lang='lat' dir='ltr'>disputationibus</span> <span class='ocrx_word' id='word_1_161' title='bbox 1627 1614 1804 1666; x_wconf 84' lang='lat' dir='ltr'>religiose</span> <span class='ocrx_word' id='word_1_162' title='bbox 1832 1616 2084 1665; x_wconf 82' lang='lat' dir='ltr'>observanda,</span> <span class='ocrx_word' id='word_1_163' title='bbox 2115 1630 2234 1668; x_wconf 84' lang='lat' dir='ltr'>quam</span> <span class='ocrx_word' id='word_1_164' title='bbox 2263 1617 2330 1657; x_wconf 92' lang='lat' dir='ltr'>Go</span> <span class='ocrx_word' id='word_1_165' title='bbox 2345 1640 2364 1647; x_wconf 93' lang='lat'><em>-</em></span> 
     </span>
     <span class='ocr_line' id='line_1_19' title="bbox 318 1688 2364 1743; baseline 0.001 -13"><span class='ocrx_word' id='word_1_166' title='bbox 318 1690 555 1731; x_wconf 86' lang='lat' dir='ltr'>dofredus</span> <span class='ocrx_word' id='word_1_167' title='bbox 581 1690 894 1731; x_wconf 90' lang='lat' dir='ltr'>Hermannus</span> <span class='ocrx_word' id='word_1_168' title='bbox 922 1688 1189 1729; x_wconf 82' lang='lat' dir='ltr'>commendare</span> <span class='ocrx_word' id='word_1_169' title='bbox 1216 1688 1376 1736; x_wconf 87' lang='lat' dir='ltr'>solebat,</span> <span class='ocrx_word' id='word_1_170' title='bbox 1403 1688 1500 1729; x_wconf 91' lang='lat' dir='ltr'>illa</span> <span class='ocrx_word' id='word_1_171' title='bbox 1527 1689 1792 1730; x_wconf 86' lang='lat' dir='ltr'>nesciendi</span> <span class='ocrx_word' id='word_1_172' title='bbox 1820 1690 1927 1731; x_wconf 83' lang='lat' dir='ltr'>ars!</span> <span class='ocrx_word' id='word_1_173' title='bbox 1956 1691 2057 1731; x_wconf 88' lang='lat' dir='ltr'>Eam</span> <span class='ocrx_word' id='word_1_174' title='bbox 2083 1691 2205 1743; x_wconf 86' lang='lat' dir='ltr'>igitur</span> <span class='ocrx_word' id='word_1_175' title='bbox 2225 1692 2364 1733; x_wconf 88' lang='lat' dir='ltr'>Socra-</span> 
     </span>
     <span class='ocr_line' id='line_1_20' title="bbox 317 1762 1540 1817; baseline -0.002 -11"><span class='ocrx_word' id='word_1_176' title='bbox 317 1765 392 1806; x_wconf 90' lang='lat' dir='ltr'>tice</span> <span class='ocrx_word' id='word_1_177' title='bbox 417 1765 586 1817; x_wconf 84' lang='lat' dir='ltr'>professo</span> <span class='ocrx_word' id='word_1_178' title='bbox 612 1765 756 1817; x_wconf 90' lang='lat' dir='ltr'>optime</span> <span class='ocrx_word' id='word_1_179' title='bbox 782 1764 884 1805; x_wconf 90' lang='lat' dir='ltr'>hunc</span> <span class='ocrx_word' id='word_1_180' title='bbox 909 1763 1083 1805; x_wconf 89' lang='lat' dir='ltr'>libellum</span> <span class='ocrx_word' id='word_1_181' title='bbox 1109 1762 1287 1804; x_wconf 90' lang='lat' dir='ltr'>claudere</span> <span class='ocrx_word' id='word_1_182' title='bbox 1315 1762 1412 1803; x_wconf 91' lang='lat' dir='ltr'>mihi</span> <span class='ocrx_word' id='word_1_183' title='bbox 1438 1762 1540 1805; x_wconf 87' lang='lat' dir='ltr'>licet.</span> 
     </span>
    </p>
   </div>
  </div>
 </body>
</html>
