2692 3515
1196 318 1246 323 —
1301 293 1428 334 XXVI
1483 318 1532 322 —

620 410 765 448 ΑΙΣΧ
795 410 833 448 εἰ
856 409 940 450 τῶν
969 410 1157 460 πολιτῶν,
1183 405 1261 450 οἷσι
1289 410 1367 449 νῦν
1395 406 1649 461 πιστεύομεν,

793 481 950 533 τούτοις
977 480 1278 538 ἀπιστήσαιμεν,
1307 479 1365 533 οἷς
1392 480 1427 524 δ’
1456 479 1506 524 οὗ
1533 480 1738 537 χρώμεθα,

794 557 971 599 τούτοισι
997 563 1285 612 χρησαίμεσθα,
1314 562 1543 612 σωθείημεν
1571 556 1635 599 ἄν.

473 634 572 673 Tum
598 633 764 674 fortasse
792 649 892 675 unus
919 636 1065 675 alterve
1100 636 1241 675 Bacchi
1268 648 1400 674 versus
1428 634 1662 685 sequebatur
1688 634 1841 675 finitum
1868 639 2066 675 certamen
2093 638 2394 688 pronuntiantis.

342 709 435 749 Post
461 707 641 748 ultimam
668 708 762 749 belli
789 710 1099 760 Peloponnesiaci
1127 709 1276 748 cladem
1303 714 1419 759 atque
1456 709 1734 759 rempublicam
1771 723 1820 748 ex
1856 710 1904 748 iis
1940 710 2052 750 malis
2081 724 2273 752 emersam
2300 725 2391 752 cum

343 782 479 822 eadem
507 783 651 822 iterum
678 783 812 823 fabula
839 789 1030 834 ageretur,
1058 797 1128 822 nec
1153 783 1361 822 Alcibiadis
1384 784 1467 834 jam
1495 783 1611 823 caede
1639 783 1782 823 sublati
1807 784 1974 835 amphus
2001 786 2236 826 mentionem
2264 786 2394 827 facere

344 871 417 897 nec
444 862 660 908 praecepta
675 858 725 896 ad
748 858 981 908 reipublicae
1002 859 1219 908 pristinum,
1247 872 1323 896 non
1351 862 1594 907 praesentem
1621 862 1768 896 statum
1796 859 2015 908 spectantia
2042 864 2219 909 repetere
2237 864 2395 910 poterat

341 933 471 983 poeta.
500 931 639 984 Itaque
667 931 744 972 illis
758 931 933 972 omnibus
960 931 1047 971 inde
1075 945 1099 971 a
1115 946 1148 971 v.
1167 932 1267 972 1422
1288 931 1448 971 sublatis
1469 931 1601 971 statim
1619 935 1708 981 post
1723 945 1757 970 v.
1787 932 1886 972 1421
1908 931 2147 982 Euripidi
2167 935 2323 986 quidem
2348 938 2394 973 ut

342 1005 499 1045 scurrili
526 1006 722 1046 adulatori
749 1005 952 1045 ridiculum
975 1005 1240 1046 tantummodo
1262 1005 1404 1057 jocum,
1432 1018 1506 1057 quo
1525 1004 1639 1045 simul
1665 1004 1768 1046 illius
1786 1019 1939 1058 pugnae
1957 1005 2251 1048 Atheniensium
2278 1007 2393 1049 classi

343 1081 531 1118 exitiosae
567 1081 796 1118 memoriam
823 1081 958 1119 leviter
987 1081 1205 1131 stringeret,
1234 1079 1483 1131 Aeschylo
1510 1091 1599 1118 vero
1627 1084 1671 1119 ut
1697 1080 1776 1119 vati
1804 1080 1955 1132 patriae
1982 1081 2248 1123 amantissimo
2276 1082 2391 1123 triste

343 1168 599 1206 severumque
629 1156 776 1194 scilicet
803 1169 861 1194 ex
890 1160 1073 1193 eventu
1101 1155 1390 1205 comprobatum
1418 1155 1638 1193 vaticinium
1666 1154 1835 1194 subdidit
1861 1155 1934 1196 hoc
1961 1156 2094 1195 modo:

577 1231 758 1268 ΕΤΡΙΠ.
798 1233 837 1268 εἰ
860 1245 918 1275 τις
946 1225 1151 1279 πτερώσας
1180 1226 1423 1279 Κλεόκριτον
1451 1232 1638 1281 Κινησίᾳ,
2095 1232 2197 1269 1437

795 1306 947 1355 αἴροιεν
974 1293 1095 1354 αὖραι
1123 1306 1316 1354 πελαγίαν
1344 1298 1446 1355 ὑπὲρ
1474 1299 1618 1354 πλάκα,

604 1380 760 1417 ΔΙΟΝ.
797 1377 954 1428 γέλοιον
982 1374 1034 1417 ἂν
1061 1380 1257 1429 φαίνοιτο·
1287 1378 1390 1418 νοῦν
1418 1374 1452 1418 δ’
1482 1380 1560 1430 ἔχει
1587 1381 1697 1425 τίνα;

576 1455 757 1492 ΕΤΡΙΠ.
797 1453 833 1492 εἰ
859 1460 1115 1504 ναυμαχοῖεν,
1144 1444 1226 1493 κᾶτ’
1248 1455 1405 1504 ἔχοντες
1428 1453 1564 1502 ὀξίδας
2410 1440 2578 1587 Ἀ]

794 1526 971 1577 ῥαίνοιεν
1000 1526 1039 1573 ἐς
1067 1522 1115 1565 τὰ
1142 1527 1328 1578 βλέφαρα
1356 1527 1439 1566 τῶν
1467 1526 1674 1566 ἐναντίων.
2096 1527 2196 1567 1441

607 1603 761 1639 ΔΙΟΝ.
800 1592 847 1639 εὖ
875 1597 921 1651 γ’,
951 1592 981 1640 ὦ
1010 1598 1263 1652 Παλάμηδες,
1289 1594 1322 1641 ὦ
1350 1599 1565 1652 σοφωτάτη
1594 1599 1727 1652 φύσις.
2093 1603 2192 1642 1451

795 1677 836 1714 τί
860 1674 927 1714 δαὶ
954 1672 1025 1722 σῦς
1054 1678 1096 1715 τί
1106 1676 1251 1726 λέγεις;
1280 1678 1430 1715 ΑΙΣΧ.
1460 1672 1535 1727 τὴν
1548 1671 1667 1735 πόλιν
1694 1675 1773 1714 νῦν
1799 1690 1866 1726 μοι
1892 1671 2055 1727 φράσον
2094 1675 2197 1715 1454

798 1748 971 1800 πρῶτον,
998 1752 1077 1788 τίσι
1105 1750 1255 1801 χρῆται·
1284 1746 1434 1802 πότερα
1461 1757 1544 1797 τοῖς
1570 1741 1775 1802 χρῆστοῐς;
1813 1752 1967 1790 ΔΙΟΝ.
2006 1745 2161 1797 πόθεν;

797 1831 905 1874 μισεῖ
929 1820 1103 1862 κάκιστα.
1144 1828 1290 1863 ΑΙΣΧ.
1332 1832 1415 1871 τοῖς
1442 1832 1633 1875 πονηροῖς
1660 1821 1695 1863 δ’
1723 1821 1877 1876 ἤδεταις

605 1899 761 1936 ΔΙΟΝ.
799 1892 848 1935 οὐ
876 1892 957 1947 δῆτ’
987 1896 1118 1947 ἐκείνη
1145 1894 1193 1947 γ’,
1221 1893 1319 1936 ἀλλὰ
1345 1897 1483 1949 χρῆται
1510 1894 1610 1949 πρὸς
1635 1900 1742 1949 βίαν.

605 1974 754 2010 ΑΙΣΧ.
794 1971 878 2017 πῶς
905 1962 982 2009 οὖν
1009 1986 1066 2018 τις
1094 1966 1146 2009 ἄν
1173 1967 1311 2010 σώσειε
1338 1968 1527 2022 τοιαύτην
1555 1969 1686 2024 πόλιν,

794 2035 820 2096 ᾖ
847 2042 945 2096 μήτε
973 2048 1116 2095 χλαῖνα
1139 2043 1235 2095 μήτε
1255 2041 1399 2095 σισύρα
1418 2047 1624 2098 συμφέρει.

345 2120 444 2160 Tum
472 2133 565 2159 sane
591 2120 724 2159 statim
738 2119 852 2159 Pluto
871 2119 1019 2159 scilicet
1046 2119 1245 2159 inutilibus
1271 2119 1331 2158 his
1358 2120 1469 2159 dictis
1496 2121 1680 2171 fatigatus
1708 2122 1841 2161 statim
1867 2121 2041 2171 ingerere
2068 2124 2223 2171 poterat
2235 2133 2268 2157 v.
2287 2119 2387 2157 1467

344 2195 553 2245 κρίνοις
581 2189 652 2234 ἅν.

472 2270 564 2309 Jam
591 2271 657 2321 qui
685 2274 892 2320 utramque
927 2271 1066 2320 poeitae
1093 2268 1357 2307 recensionem
1393 2269 1653 2308 contaminare
1680 2268 1878 2308 constituit
1892 2298 1902 2316 ‚
1939 2271 1984 2307 ut
2021 2267 2165 2320 duplex
2190 2268 2390 2320 utriusque

341 2348 481 2397 poetae
510 2359 738 2396 responsum
766 2345 1029 2396 conjungeret,
1056 2345 1226 2395 primum
1254 2357 1287 2382 v.
1320 2343 1422 2382 1442

792 2414 872 2468 ἐγώ
898 2416 973 2468 μὲν
997 2415 1089 2457 οἶδα
1115 2416 1182 2457 καὶ
1210 2417 1322 2457 θέλω
1350 2412 1504 2467 φράσαι

341 2493 444 2534 infra
462 2494 604 2547 posuit,
633 2507 710 2544 quo
724 2493 930 2544 Euripides
947 2493 1115 2533 alterum
1136 2493 1247 2543 quasi
1267 2490 1534 2543 praemuniret
1551 2494 1811 2541 praeceptum,
1830 2489 1978 2536 deinde,
2005 2493 2049 2529 ut
2063 2490 2180 2529 etiam
2194 2490 2391 2530 Bacchum

341 2569 488 2611 faceret
516 2567 613 2608 illud
640 2567 783 2620 duplex
810 2580 1037 2619 responsum
1066 2566 1348 2618 respicientem,
1377 2568 1466 2616 post
1493 2578 1526 2603 v.
1558 2564 1656 2604 1451
1686 2563 1849 2615 adjecit:

792 2641 906 2681 ταυτὶ
933 2635 1063 2692 πότερ’
1094 2635 1216 2687 αὐτὸς
1244 2629 1359 2691 εὗρες
1387 2632 1414 2691 ἦ
1442 2637 1717 2691 Κηφισοφῶν;

568 2720 749 2756 ΕΤΡΙΠ.
788 2714 866 2767 ἐγὼ
893 2714 1037 2767 μόνος·
1065 2711 1136 2761 τὰς
1163 2710 1198 2753 δ’
1227 2709 1360 2761 ὀξίδας
1387 2712 1654 2764 Κηφισοφῶν,

340 2796 546 2843 postremo,
574 2796 630 2839 ut,
659 2790 871 2843 Aeschylus
899 2790 1131 2842 respondere
1157 2789 1327 2841 primum
1354 2787 1573 2828 detrectans
1602 2800 1679 2839 qua
1705 2800 1747 2827 re
1783 2786 1941 2828 tandem
1976 2786 2027 2827 ad
2062 2785 2263 2827 consilium
2290 2785 2389 2826 dan-

341 2866 433 2907 dum
459 2871 657 2919 permotus
685 2865 813 2914 fuerit,
841 2865 1044 2913 indicaret,
1072 2864 1229 2905 intrusit
1257 2877 1289 2904 v.
1323 2861 1604 2903 1460—146‘2:
