2692 3515
1166 300 1504 340 —xvffl—

760 420 931 457 Νείκεσε
960 415 995 457 δ’
1026 414 1276 468 αγριόθυμος
1304 417 1584 467 ἐπεσβολίῃσιν
1611 411 1744 468 ἀήτης.

746 486 856 543 ’Ήδη
884 487 961 544 γὰρ
990 491 1207 544 φθιμένοιο
1233 486 1360 543 μόρον
1387 488 1585 531 θέσπισσε
1612 486 1823 542 λεάνδρου.

309 566 353 606 Ι11
383 580 478 616 quos
506 566 750 616 praeclaram
777 567 920 618 Heynii
947 567 1251 607 observationem
1279 566 1479 606 adiiciam:
1506 565 1623 606 Nullo
1650 566 1763 606 modo
1790 565 1852 605 hic
1871 578 2004 605 sensus
2024 578 2106 606 esse
2124 568 2253 617 potest
2279 576 2354 604 vss.

308 642 541 681 insertorum
554 671 563 685 ‚
592 641 658 690 qui
685 642 842 681 omnino
877 656 953 682 non
990 647 1079 681 sunt
1114 641 1341 681 inficetiores
1377 640 1509 679 multis
1536 640 1633 680 aliis.
1688 641 1833 681 Locum
1860 640 2006 680 habent
2031 644 2120 691 post
2147 654 2180 678 v.
2209 640 2287 679 332
2314 642 2356 678 et

309 718 431 766 agunt
457 714 505 754 de
532 714 684 766 puella:
712 714 809 754 illa
836 715 1133 766 objurgavit
1159 718 1379 754 ventum:
1407 714 1579 765 adeoque
1607 710 1735 766 ἆήτην
1754 715 1942 766 scriptum
1969 714 2042 753 fuit
2060 718 2101 754 et
2117 713 2217 753 forte
2236 714 2355 753 etiam

310 785 602 838 ἆγριόθυμον.“
655 790 717 828 Ita
744 790 898 839 quidem
927 789 1188 834 Heinrichius‚
1216 788 1324 838 cujus
1363 788 1479 826 editio
1506 801 1540 826 a.
1569 788 1846 827 MDGCXCIII.
1874 790 1914 827 in
1940 789 2066 827 lucem
2093 789 2235 827 emissa
2262 801 2352 826 cum

309 863 492 903 Passovio
518 868 601 903 tum
632 864 796 903 caeteris
811 863 1054 902 fundamento
1072 862 1154 902 fuit.
1183 862 1257 902 Sed
1276 861 1368 913 quid
1386 876 1518 902 censes
1535 861 1582 902 de
1598 862 1699 902 mira
1722 863 1860 903 horum
1887 863 2057 903 omnium
2083 862 2355 914 neglegentia?

440 937 519 977 Nos
536 950 626 977 vero
640 938 821 989 quoniam
836 938 875 976 in
888 940 1017 976 nostro
1031 935 1158 977 codice
1178 936 1339 976 vidimus
1367 940 1407 976 et
1432 935 1624 976 lacunis
1652 940 1699 976 et
1722 937 2192 989 transpositionibus
2218 941 2355 989 aperte

310 1016 515 1063 peecatum
531 1024 627 1058 esse,
651 1010 738 1051 aliis
754 1023 901 1063 quoque
917 1011 955 1050 in
968 1010 1060 1049 locis
1074 1009 1145 1049 hoc
1160 1023 1314 1049 carmen
1328 1010 1514 1062 ejusmodi
1528 1010 1723 1050 erroribus
1743 1015 1967 1063 corruptum
1982 1023 2065 1050 esse
2084 1009 2189 1049 haud
2208 1014 2355 1051 temere

307 1087 392 1134 jam
423 1087 614 1135 conjicere
642 1086 864 1135 poterimus.
919 1086 979 1123 Ita
1004 1098 1079 1123 non
1099 1085 1241 1131 dubito,
1269 1085 1361 1134 quin
1382 1086 1617 1123 enumeratis
1644 1098 1677 1122 v.
1702 1086 1871 1124 44—46.
1900 1086 2058 1124 48—50
2076 1085 2296 1135 regionibus
2315 1089 2357 1124 et

310 1161 445 1201 vicinis
474 1165 514 1200 et
543 1160 825 1207 remotioribus,
852 1159 951 1200 unde
979 1159 1121 1200 incolae
1148 1157 1301 1199 Sestum
1326 1158 1376 1199 ad
1404 1158 1565 1199 Veneris
1593 1157 1733 1200 festum
1761 1160 1960 1201 visendum
1979 1157 2242 1207 confluxerint,
2270 1162 2355 1200 tum

311 1235 467 1274 demum
498 1236 623 1285 posito
650 1248 683 1273 v.
712 1235 761 1273 47
792 1236 907 1284 poeta
933 1234 1204 1284 expositionem
1230 1232 1458 1272 concluserit
1484 1233 1552 1280 ita,
1579 1237 1624 1273 ut
1650 1233 1691 1273 in
1717 1233 1792 1273 fine
1814 1248 1935 1274 unum
1955 1234 2110 1286 insuper
2140 1233 2354 1274 alterumve

312 1323 464 1349 versum
496 1308 690 1348 addiderit
710 1307 925 1360 juventutis
951 1307 1158 1346 amatoriae
1187 1306 1312 1346 studia
1339 1307 1556 1346 accuratius
1583 1306 1883 1347 describentem:

683 1383 734 1422 47
764 1378 860 1420 οὐδὲ
887 1378 1014 1432 γυνή
1042 1397 1112 1428 τις
1139 1383 1299 1432 ἔμιμνεν
1327 1378 1405 1420 ἀνὰ
1434 1385 1654 1432 πτολίεθρα
1683 1379 1906 1434 Κυθήρων,

686 1457 734 1496 51
767 1452 867 1495 οὐδέ
891 1472 964 1503 τις
992 1452 1186 1506 ἠιθέων
1210 1453 1616 1507 φιλοπᾶρθενος·
1645 1448 1670 1508 ἦ
1696 1453 1772 1508 γὰρ
1801 1456 1945 1497 ἐκεῖνοι

770 1527 856 1569 αἰὲν
884 1524 1185 1580 ὁμαρτήσαντες,
1213 1525 1289 1582 ὅπῃ
1317 1527 1433 1581 φάτις
1461 1530 1571 1570 ἐστὶν
1599 1530 1750 1581 ἑορτῆς,

771 1598 821 1641 οὐ
848 1599 971 1642 τόσον
998 1598 1262 1644 ἀθανάτοισιν
1288 1600 1398 1655 ἄγειν
1426 1601 1652 1644 σπεύδουσι
1680 1600 1849 1656 θυηλάς,

768 1670 895 1716 ὅσσον
923 1673 1194 1729 ἀγειρομένων
1221 1673 1285 1716 διὰ
1311 1675 1453 1718 κάλλεα
1482 1674 1771 1729 παρθενικάων
1804 1702 1863 1729 -,

316 1751 381 1789 ubi
411 1751 515 1789 vides
547 1763 619 1789 non
648 1750 772 1789 solum
801 1752 1058 1802 grammatica
1085 1751 1151 1790 sed
1178 1752 1292 1790 etiam
1327 1752 1518 1792 rhetorica
1551 1754 1700 1792 ratione
1736 1753 1954 1804 oppositum
1990 1751 2047 1790 illi
2083 1748 2356 1791 ἀθανάτοισιν

317 1821 429 1873 ἄγειν
456 1821 680 1863 σπεύδουσι
709 1821 868 1875 θυηλάς
896 1826 1110 1864 membrum
1139 1826 1291 1875 requiri,
1319 1831 1362 1865 ut
1389 1841 1503 1877 supra
1530 1823 1636 1878 γυνή
1663 1843 1721 1874 τις
1748 1831 1866 1878 atque
1894 1841 1951 1873 τις
1978 1822 2130 1877 ἠιθέων
2158 1829 2355 1878 φιλοπαρ-

315 1899 439 1945 θένος
463 1899 576 1950 juxta
604 1897 786 1938 collocari
813 1897 1016 1939 debebant.

444 1974 540 2011 Tum
570 1974 672 2010 omni
701 1985 817 2011 sensu
845 1977 965 2019 caret,
993 1973 1096 2023 quod
1123 1973 1234 2010 hodie
1263 1974 1434 2012 Leander
1460 1989 1492 2012 v.
1520 1976 1597 2014 215
1625 1977 1737 2015 dicit:

762 2050 835 2085 καί
856 2062 927 2096 μιν
955 2042 1176 2096 ὀπιπεύων,
1204 2043 1279 2086 οὐκ
1307 2043 1379 2093 ὀψὲ
1407 2045 1553 2089 δύοντα
1581 2052 1693 2102 (5101)
1725 2048 1901 2101 Βοώτην,

764 2117 814 2160 οὐ
841 2117 1008 2171 θρασὺν
1033 2117 1219 2172 Ὠρίωνα
1246 2121 1312 2161 καὶ
1339 2117 1512 2173 ἄβροχον
1539 2120 1658 2165 ὁλκὸν
1681 2121 1846 2176 Ἅμᾶξης

765 2195 955 2246 πατρίδος
983 2187 1216 2246 ἀντιπόροιο
1246 2195 1335 2235 ποτὶ
1361 2193 1514 2247 γλυκὺν
1541 2193 1665 2250 ὅρμον
1692 2199 1864 2251 ἱκοίμην,

316 2267 464 2311 Collato
494 2283 523 2308 v.
555 2269 632 2309 2233
661 2272 828 2321 apparet
854 2268 929 2310 duo
956 2268 1205 2310 hemistichia
1231 2270 1392 2322 periisse
1421 2270 1533 2323 hujus
1560 2272 1636 2314 fere
1665 2273 1896 2315 sententiae:

765 2344 956 2392 πατρίδος
984 2340 1218 2393 ἀντιπόροιο
1245 2341 1410 2382 λιπών
1437 2341 1644 2396 ἆλιηχέα
1673 2343 1912 2399 πορθμὸν

767 2417 879 2466 ῥεῖα
906 2417 1026 2455 τεοῦ
1053 2414 1277 2468 πύργοιο
1305 2417 1397 2457 ποτὶ
1423 2416 1577 2468 γλυκὺν
1604 2416 1728 2470 ὅρμον
1755 2421 1924 2472 ἱκοίμην.

444 2492 573 2530 Etiam
602 2496 689 2540 post
718 2505 749 2530 v,
779 2492 830 2531 84
858 2505 1010 2531 versum
1038 2492 1225 2531 excidisse
1253 2491 1365 2532 facile
1394 2493 1648 2543 supplendum
1684 2500 1724 2535 et
1750 2496 1959 2547 asyndeton
1984 2493 2096 2534 hodie
2123 2494 2175 2534 ibi
2198 2494 2353 2535 obvium

317 2569 356 2605 et
383 2565 663 2605 sententiarum
691 2565 790 2605 ratio
822 2565 1083 2606 demonstrat:

765 2647 851 2679 τοῖα
879 2639 954 2691 μὲν
982 2636 1137 2691 ἠιθέων
1165 2654 1222 2686 τις
1250 2637 1482 2690 ἐφώνεεν
1510 2637 1686 2683 α”λλοθεν
1711 2639 1838 2691 ἄλλος·

784 2714 805 2737 *
913 2715 933 2738 ηε
1064 2714 1085 2737 ιιι
1202 2714 1223 2737 *
1351 2714 1373 2738 aa
1564 2717 1585 2740 *

766 2787 879 2834 ἕλκος
906 2784 1248 2827 ὑποκλέπτων
1277 2786 1500 2840 ἐπεμήνατο
1528 2794 1663 2830 καλλει·
1687 2788 1842 2843 κούρης.

447 2862 526 2900 Nec
555 2875 586 2899 v.
616 2862 694 2901 285
723 2875 809 2901 cum
838 2868 1022 2913 sequente
1052 2862 1250 2902 cohaeret:
