2692 3515
1178 300 1482 340 -ΧῙΧ-

751 415 860 473 Ἡρώ
888 415 922 459 δ’
951 418 1227 469 ἑλκεσίπεπλος
1255 414 1347 468 ἑοΰς
1372 414 1558 471 λήθουσά
1585 417 1730 470 τοκῆας

758 495 964 546 παρθένος
991 490 1147 546 ἠματίη,
1174 498 1293 546 νυχίη
1319 489 1433 546 γυνή.

309 573 435 612 Immo
462 571 581 610 etiam
607 570 710 622 apud
736 571 909 621 quemvis
936 570 1055 611 alium
1081 569 1367 610 desideraretur
1393 568 1553 608 verbum
1581 566 1755 613 finitum,
1796 566 1835 605 in
1872 563 2094 616 hujusmodi
2122 579 2211 604 vero
2239 566 2354 615 poeta

310 645 431 686 etiam
457 644 696 685 desideratur
723 644 1046 684 clandestinorum
1073 657 1246 684 amorum
1265 643 1483 683 accuratior
1509 641 1718 693 descriptio
1741 639 1910 679 Leandri
1928 638 2059 679 ardori
2087 653 2119 678 v,
2143 638 2255 678 281-
2276 639 2355 678 284

313 719 506 771 explicato
531 720 716 770 opposita.

438 793 500 833 An
525 792 611 833 aliis
638 805 787 844 quoque
815 792 919 840 locis,
947 795 991 831 ut
1017 805 1050 831 v.
1079 791 1157 831 246
1193 794 1283 842 post
1318 785 1416 829 ἀλλὰ
1443 785 1651 842 θαλάσσης
1676 790 1681 842 Ι
1706 790 1816 829 ἔστιν
1843 783 1969 840 ὕδωρ,
2002 812 2047 817 -
2080 793 2185 828 <erte
2214 803 2246 828 v.
2276 787 2352 828 24⁴7

313 879 401 906 cum
428 865 582 907 Graefio
609 861 715 914 ἅζεο
739 865 943 916 legendum
971 868 1031 904 est
1048 888 1110 911 —‚
1138 867 1227 915 post
1246 877 1279 901 v.
1299 864 1378 902 296
1403 863 1651 915 τυπτομένης
1679 863 1723 903 δὲ
1753 868 1793 903 et
1819 863 1983 903 fortasse
2011 867 2083 902 ete.
2114 863 2233 901 etiam
2260 861 2354 901 alibi

310 940 458 991 aliquid
485 940 680 988 exciderit,
707 940 873 990 amplius
900 939 1172 990 quaerendum.
1229 937 1303 976 Sed
1330 940 1767 988 transpositiones
1804 940 1962 989 insuper
1997 936 2124 993 dJuas
2152 938 2353 987 apertissi-

311 1028 396 1054 mas
415 1015 508 1054 mihi
535 1014 724 1054 detexisse
751 1014 892 1062 videor,
919 1028 1038 1053 unam
1064 1026 1197 1052 versus
1226 1011 1277 1050 66

752 1083 946 1140 ἀτρεκέως
974 1087 1123 1140 ἱέρειαν
1151 1082 1315 1135 ἐπάξιον
1344 1080 1488 1138 εὕρατο
1516 1082 1685 1139 Κύπρις,

315 1164 381 1215 qui
415 1167 460 1203 ut
494 1164 716 1204 inconcinno
744 1164 928 1216 asyndeto
955 1162 1057 1201 male
1084 1161 1245 1208 formae,
1272 1174 1350 1211 qua
1378 1161 1483 1200 Hero
1510 1160 1745 1207 excelluerit,
1773 1161 2018 1213 descriptioni
2058 1162 2265 1203 adhaeret,
2297 1162 2352 1200 ita

313 1240 466 1288 egregie
493 1240 669 1277 convenit
695 1238 968 1276 adolescentuli
996 1251 1083 1275 eam
1111 1236 1330 1274 extollentis
1358 1236 1524 1273 orationi
1547 1251 1580 1272 v.
1612 1236 1661 1273 74
1672 1250 1738 1284 sq:

755 1311 821 1351 καὶ
849 1307 1040 1362 Σπάρτης
1068 1308 1230 1360 ἐπέβην,
1260 1310 1563 1360 Λακεδαίμονος
1590 1309 1762 1359 ἔδρακον
1790 1305 1905 1359 ἄστυ,

758 1377 823 1439 ᾗχι
850 1381 985 1437 μόθον
1013 1382 1079 1425 καὶ
1107 1380 1261 1425 ἄεθλον
1287 1378 1488 1436 ἀκούομεν
1515 1379 1731 1436 άγλαϊάων·

754 1463 868 1512 τοίην
896 1455 930 1499 δ’
959 1455 1097 1499 οὔποτ’
1127 1456 1272 1499 ὄπωπα
1299 1459 1397 1511 νεήν
1424 1455 1573 1512 κεδνήν
1601 1455 1641 1498 θ’
1670 1454 1829 1511 ἁπαλήν
1854 1473 1906 1498 τε.

682 1536 732 1573 66
761 1530 956 1585 ἀτρεκέως
984 1534 1133 1584 ἱέρειαν
1161 1530 1323 1582 ἐπάξων
1351 1530 1497 1585 εὕρατο
1525 1530 1698 1584 Κύπρις,

682 1611 728 1647 77
758 1609 825 1647 καὶ
852 1606 952 1658 τάχα
980 1605 1137 1658 Κύπρις
1164 1611 1240 1658 ἔχει
1269 1611 1455 1659 Χαρίτων
1482 1613 1580 1659 μίαν
1608 1604 1875 1658 ὁπλοτεράων.

313 1681 392 1722 Ubi
419 1682 522 1721 vides
549 1682 660 1722 hodie
687 1682 789 1721 male
816 1682 911 1721 illud
945 1681 1010 1721 καὶ
1038 1678 1136 1733 τάχα
1164 1687 1234 1721 etc.
1264 1683 1390 1721 versui
1426 1684 1539 1732 τοίην
1567 1678 1601 1720 δ’
1630 1677 1766 1721 οὔποτ’
1804 1677 1950 1720 ὄπωπα
1983 1706 2027 1709 -
2059 1684 2140 1721 sine
2174 1683 2355 1732 junctura

314 1755 526 1796 succedere.

440 1829 536 1869 Tum
562 1832 649 1880 post
676 1843 708 1868 v,
737 1829 815 1869 280
842 1830 882 1869 in
909 1829 1083 1870 omnibus
1109 1829 1214 1869 codd.
1243 1843 1375 1869 versus
1403 1829 1545 1880 legitur
1572 1830 1622 1870 ab
1658 1829 1868 1870 editoribus
1900 1830 2078 1870 certatim
2128 1831 2354 1871 damnatus:

757 1903 822 1943 καὶ
849 1901 974 1955 γάμος
1001 1895 1051 1954 ἦν
1077 1899 1313 1943 ἀπάνευθεν
1341 1899 1589 1954 ἀειδομένων
1615 1899 1833 1954 ὑμεναίων,

315 1991 430 2031 quem
457 1982 500 2018 ut
525 1982 692 2026 „temere
710 1978 875 2029 ejectum
889 1978 1168 2019 revocandum“
1196 1980 1344 2020 censuit
1373 1994 1470 2019 unus
1489 1979 1677 2027 Graefius,
1704 1979 1861 2027 scilicet,
1889 1991 2005 2029 quam
2025 1979 2171 2020 nullum
2213 1982 2356 2022 habeat

314 2052 356 2096 in
381 2051 514 2092 Nonno
541 2051 697 2104 ejusque
726 2052 881 2092 asseclis
909 2052 1200 2093 fundamentum
1234 2053 1575 2105 interpolationum
1611 2053 1807 2105 indagatio
1843 2052 1954 2092 hodie
1992 2054 2111 2093 tantis
2135 2056 2354 2096 'anim-ibus

314 2128 487 2179 agitata,
512 2140 609 2165 unus
637 2127 779 2177 optime
808 2140 959 2178 gnarus.
1015 2127 1232 2175 Consentio,
1260 2129 1328 2167 sed
1356 2142 1447 2167 sane
1476 2142 1520 2167 eo
1547 2129 1628 2166 loco
1656 2133 1744 2179 post
1766 2127 1940 2178 singulas
1966 2129 2191 2179 nuptiarum
2229 2133 2354 2169 caeri-

316 2202 464 2239 monias
492 2215 524 2238 v.
540 2201 748 2239 275—280
767 2207 1008 2240 enumeratas
1036 2204 1126 2251 poni
1146 2216 1191 2240 eo
1217 2204 1343 2241 minus
1362 2208 1526 2252 poterat,
1554 2204 1734 2251 quoniam
1756 2202 1948 2251 generalis
1962 2205 2184 2252 nuptiamm
2212 2208 2355 2243 mentio

315 2274 503 2313 similibus
529 2274 655 2313 verbis
684 2279 867 2324 concepta
888 2275 972 2324 jam
998 2289 1117 2325 supra
1145 2290 1177 2314 v.
1193 2277 1241 2315 27
1245 2277 1272 2314 4
1298 2277 1518 2325 legebatur:

758 2338 808 2399 ἦν
834 2344 969 2400 γάμος,
994 2343 1075 2390 ἀλλ’
1104 2344 1327 2400 ἀχόρευτος·
1356 2350 1427 2400 ἔην
1454 2350 1579 2400 λέχος,
1608 2344 1689 2390 ἀλλ’
1719 2345 1813 2401 ἅτερ
1842 2344 1993 2402 ὕμνων.

316 2420 423 2470 Quae
450 2421 535 2473 ipsa
562 2420 769 2462 similitudo
796 2422 888 2462 satis
916 2422 1026 2463 docet
1052 2427 1141 2463 ante
1169 2423 1269 2463 hunc
1298 2423 1428 2474 ipsum
1455 2436 1609 2463 versum
1637 2423 1758 2464 etiam
1795 2424 1907 2464 illum
1933 2424 2098 2466 alterum
2141 2426 2200 2465 his
2228 2426 2353 2466 verbs

315 2493 408 2535 olim
434 2494 578 2535 lectum
603 2494 741 2536 fuisse:

761 2561 821 2622 ἦν
847 2566 1025 2622 γάμος,
1052 2567 1151 2611 ἀλλ’
1181 2567 1418 2611 ἀπάνευθεν
1446 2568 1694 2623 ἀειδομένων
1722 2569 1944 2627 ὑμεναίων,

316 2642 379 2684 cui
396 2641 550 2695 adjecta
575 2643 816 2697 epanalepsis
834 2646 1068 2698 singulorum
1088 2647 1415 2689 enumerationem
1435 2648 1681 2689 introducens
1707 2639 1770 2700 ἦν
1796 2646 1984 2702 γάμος,
2013 2645 2112 2691 ἀλλ’
2142 2647 2355 2702 ἀχόρευτος

315 2718 508 2758 neminem
532 2718 723 2759 Nonniani
749 2721 935 2760 acuminis
959 2721 1127 2772 peritum
1152 2721 1334 2764 offendet.

444 2791 520 2832 Sed
541 2793 626 2845 ,iam
651 2806 775 2846 paene
800 2794 941 2835 inscius
967 2796 1007 2835 in
1034 2795 1200 2837 alteram
1225 2796 1340 2847 hujus
1369 2797 1491 2837 libelli
1516 2802 1669 2848 partem
1696 2798 1850 2848 deveni,
1879 2813 1957 2851 qua
1982 2800 2128 2850 aliquot
2161 2802 2353 2840 varia-rum

315 2863 522 2907 lectionum
550 2866 789 2919 spicilegium
807 2868 947 2909 Vestro
968 2869 1114 2920 judicio
1140 2882 1393 2922 proponerem
1419 2871 1643 2913 brevissime
1672 2877 1825 2913 tantum
1852 2873 2106 2914 iudicatarum
2136 2887 2180 2913 ea
2213 2880 2352 2917 monce.
