2692 3515
1151 294 1449 334 —le—

273 413 500 466 imperfecto
529 412 666 453 cedere
694 413 811 454 debet
837 426 913 454 non
941 413 1061 453 solum
1090 416 1249 463 propter
1263 412 1299 452 P
1327 411 1567 463 aliorumque
1596 411 1768 453 codicum
1796 414 2082 463 auctoritatem,
2111 414 2178 456 sed
2206 416 2324 456 etiam

273 493 435 538 propter
462 489 590 527 Nomii
618 502 730 526 usum
754 488 837 539 jam
866 501 890 526 a
919 487 1108 537 Lennepio
1136 486 1203 524 sed
1230 486 1377 525 frustra
1404 486 1644 526 advocatum.

403 562 569 601 Leviora
596 563 693 602 haec
723 566 812 601 sunt
826 593 835 608 ‚
864 561 929 601 sed
959 565 1105 599 restant
1132 561 1301 611 quinque
1338 561 1517 611 egregiae
1564 562 1850 601 emendationes
1878 574 1924 600 ex
1962 562 1998 602 P
2025 564 2224 613 petendae.
2280 565 2326 604 In

274 650 308 674 v.
334 637 426 682 291,
456 637 583 686 qualis
610 637 752 686 ubique
781 637 922 687 legitur

1135 703 1221 745 οὐδ’
1250 707 1312 745 ἐπὶ
1343 705 1468 757 δηρὸν

732 778 912 832 ἀλλήλων
940 777 1143 821 ἀπόναντο
1173 778 1494 832 πολυπλάγκτων
1522 776 1728 832 ὑμεναίων

271 857 355 907 jam
384 857 477 896 olim
507 857 626 896 haesi.
685 856 877 905 Quomodo
905 857 1002 895 enim
1032 854 1223 905 duplicem
1252 856 1472 905 genetivum
1501 855 1697 906 explices?
1724 857 1860 906 Itaque
1888 855 2073 896 facillima
2105 857 2328 909 conjectura

276 928 598 982 πολυπλάγκτων
627 928 667 971 θ’
697 927 896 982 ι’μεναίων
924 931 1047 970 locum
1069 942 1224 969 sanasse
1254 930 1346 969 mihi
1370 930 1538 969 videbar.
1568 930 1641 969 Hic
1661 930 1789 970 videre
1810 931 1910 976 licet,
1939 944 2055 981 quam
2074 945 2189 982 saepe
2218 933 2327 973 facil-

274 1006 391 1045 limae
419 1019 496 1045 non
524 1006 602 1045 sint
629 1006 861 1045 certissimae
882 1004 1133 1054 conjecturae.
1162 1004 1199 1043 P
1217 1017 1288 1054 pro
1316 999 1498 1054 ἀλλήλων
1527 1004 1714 1055 scriptum
1742 1004 1860 1044 habet
1887 1000 2195 1057 άγρύπνων,
2224 1009 2328 1058 quod

274 1080 371 1130 quin
399 1092 534 1118 verum
562 1081 614 1119 sit
642 1079 772 1119 eodem
809 1092 882 1129 quo
920 1092 951 1116 v.
985 1080 1030 1117 12
1058 1082 1097 1117 et
1123 1078 1201 1117 225
1229 1073 1457 1128 άκοιμήτων
1494 1078 1646 1118 dixerat
1673 1092 1807 1125 sensu,
1844 1079 2008 1119 alterum
2045 1085 2175 1119 autem
2202 1082 2327 1121 intru-

275 1167 363 1193 sum
390 1167 438 1192 ex
467 1154 604 1194 ultimo
632 1167 742 1194 versu

730 1222 910 1277 ἀλλήλων
937 1222 970 1265 δ”
999 1222 1203 1266 άπόναντο
1231 1225 1299 1265 καὶ
1328 1225 1372 1265 έν
1402 1222 1569 1278 πυμάτῳ
1608 1241 1682 1275 περ
1720 1221 1878 1280 ὀλέθρῳ

280 1303 368 1352 quis
393 1301 659 1341 dubitaverit?

408 1376 490 1414 Nec
519 1377 646 1413 minus
675 1380 742 1414 aut
770 1380 917 1413 certum
945 1379 1011 1413 aut
1038 1375 1176 1413 bonum
1204 1380 1274 1420 est,
1303 1375 1405 1424 quod
1429 1376 1465 1413 P
1485 1388 1517 1413 v.
1537 1377 1616 1413 300
1643 1376 1825 1426 praebet:

733 1446 1009 1498 καρτερόθυμε
1038 1450 1229 1498 Λέανδρε,
1259 1451 1464 1498 ὃιακτορίη
1493 1450 1541 1487 δέ
1566 1461 1611 1487 σε
1631 1447 1826 1500 λύχνου

733 1519 869 1573 ἠθάδα
898 1526 1145 1573 σημαίνουσα
1173 1527 1428 1572 φαεσφοριῖην
1456 1520 1663 1573 ίμεναίων

732 1595 973 1648 μαινομένης
1001 1591 1177 1646 ὤτρυνεν
1205 1591 1478 1648 ἀφειδήσαντα
1509 1593 1732 1648 θαλάσσης,

274 1670 342 1711 ubi
373 1670 485 1722 volgo
513 1667 674 1721 πύργου
703 1670 856 1721 legitur.
912 1669 1007 1709 Vide
1035 1669 1145 1710 modo
1172 1685 1203 1710 v.
1233 1671 1256 1710 6

729 1739 881 1795 λύχνον
908 1738 1204 1795 ἀπαγγέλλοντα
1233 1744 1459 1796 ὄιακτορίην
1485 1740 1719 1797 Ἀφροδίτης

281 1824 322 1859 et
351 1818 418 1858 cfr.
438 1833 479 1871 ον.
509 1817 588 1858 254

728 1893 991 1943 λαμπομένου
1019 1888 1053 1930 δ’
1080 1894 1273 1932 ἔσπευδεν
1301 1890 1361 1932 ἀεὶ
1388 1898 1623 1935 κατεναντία
1651 1892 1814 1947 λύχνου.

405 1968 449 2005 V.
485 1969 562 2004 316
594 1968 679 2017 jam
716 1967 864 2005 dudum
900 1980 972 2018 pro
1010 1968 1153 2006 tradito
1189 1963 1381 2018 ἀφέηκεν
1417 1983 1657 2010 correxeram
1697 1968 1826 2017 Νότος
1865 1973 1919 2018 εἰς
1959 1971 2116 2024 Βορέην
2150 1968 2326 2024 μεγάλας

276 2042 477 2091 ἐφέηκεν
505 2037 681 2088 άπειλάς,
710 2055 812 2079 nunc
840 2042 912 2079 hoc
941 2043 1067 2089 ipsum
1096 2044 1214 2079 etiam
1243 2044 1282 2079 in
1310 2044 1345 2080 P
1372 2045 1505 2081 inveni.

406 2116 565 2155 Defendi
595 2130 711 2164 aegre
739 2120 870 2165 potest
898 2115 1001 2164 quod
1030 2115 1142 2164 volgo
1171 2130 1202 2153 v.
1233 2116 1310 2154 2325

724 2188 790 2229 καὶ
819 2189 971 2236 σθένος
998 2180 1050 2240 ἦν
1078 2185 1342 2240 άδόνητον
1370 2187 1659 2242 άκοιμήτων
1689 2192 1910 2244 παλαμάων

274 2266 427 2316 legitur.
484 2265 584 2303 Nam
613 2260 878 2314 άὸόνητον
907 2265 1058 2310 σθένος
1095 2278 1183 2302 cum
1212 2278 1288 2302 non
1317 2278 1399 2302 esse
1427 2267 1543 2314 possit
1571 2269 1641 2305 nisi
1671 2268 1788 2306 robur
1816 2268 1865 2306 ad
1893 2270 2022 2307 omnia
2049 2269 2325 2319 impedimenta

274 2340 459 2379 invictum
488 2353 557 2378 nec
594 2333 874 2390 άκοίμητοι
903 2333 1080 2389 παλάμαι
1100 2337 1200 2378 aliae
1219 2351 1357 2377 manus
1376 2338 1448 2376 nisi
1467 2339 1673 2380 indefessae
1695 2354 1794 2391 quae
1814 2342 1929 2381 nullis
1948 2342 2141 2382 laboribus
2169 2342 2325 2393 fatigari

274 2414 434 2464 possint,
463 2418 572 2463 patet
599 2413 701 2451 hunc
731 2413 857 2463 ipsum
887 2425 1040 2450 sensum
1069 2412 1349 2451 alienissimum
1378 2425 1461 2450 esse
1489 2413 1538 2451 ab
1565 2414 1634 2453 hoc
1660 2415 1752 2461 loco,
1780 2416 1845 2455 ubi
1873 2420 1913 2456 et
1940 2416 2253 2460 antecedentibus
2284 2422 2325 2457 et

275 2488 522 2538 sequentibus
543 2488 709 2527 Leandri
737 2487 948 2527 deficientis
976 2488 1156 2527 interitus
1185 2486 1476 2526 accuratissime
1505 2493 1716 2527 enarratur.
1772 2489 1846 2529 Suo
1874 2490 1992 2541 igitur
2014 2490 2102 2542 jure
2122 2491 2205 2541 jam
2232 2491 2323 2531 olim

275 2562 471 2601 maestus:
500 2563 785 2608 „necessarium
814 2558 1054 2611 οἶνόνητον;
1083 2562 1251 2600 alterum
1273 2562 1508 2599 contrarium
1527 2566 1585 2599 est
1612 2564 1856 2601 sententiae.“
1885 2564 1959 2603 Sed
1979 2578 2048 2603 nec
2068 2565 2139 2603 hoc
2162 2565 2323 2605 sufficit:

275 2637 456 2676 accedere
494 2638 529 2676 ei
568 2637 708 2676 debere
748 2637 785 2675 id
832 2638 934 2687 quod
974 2638 1010 2677 P
1048 2637 1212 2686 praebet
1258 2631 1526 2685 ἀκινήτων
1565 2634 1784 2687 παλαμάων
1820 2640 1878 2677 vel
1916 2653 1962 2678 ex
2009 2640 2323 2679 antecedeutibus

276 2711 413 2750 ποδῶν
438 2711 484 2750 δέ
510 2711 552 2749 οἱ
576 2707 759 2751 ὤκλασεν
787 2706 890 2763 ὁρμή
919 2714 1038 2762 patet.

401 2786 491 2824 Pari
520 2788 733 2836 sagacitate
753 2786 853 2823 idem
874 2785 1064 2826 Graefius.
1094 2798 1170 2834 qua
1190 2789 1275 2822 erat
1290 2785 1412 2822 Nonni
1435 2785 1593 2834 ejusque
1614 2792 1844 2825 sectatorum
1860 2789 2011 2837 peritia,
2041 2802 2072 2826 v.
2088 2790 2167 2828 334
2190 2801 2320 2827 verum

274 2860 430 2903 invenit,
460 2859 521 2898 ubi
553 2860 660 2907 volgo
690 2859 879 2899 traditur:
