2692 3515
1184 313 1484 352 —VIII—

310 433 401 468 ante
430 433 704 469 consonantem
732 434 955 469 constanter
984 431 1028 468 εἰ
1035 444 1054 476 ς
1083 442 1158 469 11011
1178 428 1217 475 ἐς
1233 430 1378 480 posuit:
1407 441 1438 466 v.
1468 428 1518 467 29
1548 429 1604 474 εἰς
1632 424 1782 478 πόθον,
1811 441 1842 466 v.
1867 429 1944 467 110
1972 433 2011 467 et
2029 428 2105 467 287
2136 429 2191 474 εἰς
2218 426 2353 479 δύσιν,

311 517 343 542 v.
375 504 452 542 176
480 509 521 543 et
551 505 622 543 181
653 505 708 549 είς
736 504 923 554 πατρίδα,
951 518 984 543 v.
1005 505 1082 544 316
1111 506 1166 551 είς
1185 505 1340 555 Βορέην
1358 504 1394 543 Ρ
1412 503 1532 543 habet
1549 503 1778 543 editionibus
1798 501 1841 550 ἐς
1859 503 2088 543 tenentibus.
2117 503 2177 542 Ex
2196 516 2354 551 canone,

310 590 429 628 quem
448 578 690 618 Wernickius
711 578 761 618 ad
788 578 997 630 Tryphiod.
1022 592 1058 630 p.
1081 580 1156 618 154
1184 579 1346 630 aperuit,
1374 592 1405 617 v.
1430 578 1502 617 118
1522 572 1627 618 εἷλκε
1647 591 1723 617 non
1743 578 1832 618 ἕλκε
1851 578 2067 628 seripsisse3
2095 581 2178 617 tum
2196 582 2355 628 propter

311 652 429 693 metri
448 652 720 693 necessitatem
747 665 779 691 v.
803 653 851 692 18
881 652 955 693 ἕνα
972 652 1163 704 ξυνέηκεν
1177 652 1330 704 quidem
1350 651 1547 692 admisisse
1567 651 1647 699 sed,
1675 652 1741 692 ubi
1760 665 1806 692 ea
1832 665 1908 693 non
1927 651 2075 700 aderat,
2102 666 2134 692 v,
2157 653 2202 692 11
2233 650 2354 692 πέλεν

312 726 532 776 συνέριθος
559 741 592 766 v.
624 729 673 766 14
700 730 798 778 μίαν
827 724 1016 768 συνάειδε
1051 742 1085 768 v.
1117 729 1191 768 103
1221 723 1273 775 ὦς
1300 727 1467 777 συνέηκε
1496 740 1528 765 v.
1561 727 1636 766 163
1665 723 1733 765 ἑὸν
1762 727 1954 778 συνέεργε
1981 728 2221 779 praetulisse,
2248 727 2354 767 ideo-

311 815 386 852 que
414 816 447 840 v.
480 802 553 841 108
582 802 696 848 idem,
723 815 801 841 non
828 799 895 841 ἑὸν
916 803 1081 853 ξυνέηκε
1110 805 1299 853 posuisse;
1326 802 1459 841 deinde
1487 815 1520 839 v.
1548 802 1602 840 44
1626 802 1829 852 πασσυδίῃ
1857 815 1933 841 11011
1961 804 2164 854 πανσυδίῃ
2192 803 2353 848 dixisse3

311 876 475 926 denique
494 890 527 914 v.
552 877 629 915 232
650 881 689 915 et
708 876 787 915 280
816 873 956 927 ὁμίχλη
984 891 1061 916 11011
1088 873 1227 928 ὀμίχλη
1246 878 1509 927 pronuntiasse
1528 875 1662 914 itidem
1681 889 1728 914 ex
1746 876 1784 914 Ρ
1811 881 1995 925 apparet:
2024 877 2090 916 cfr.
2111 890 2144 916 v.
2174 878 2261 923 113,
2288 877 2354 916 ubi

310 949 490 999 spiritum
518 961 700 999 asperum
728 949 847 988 etiam
870 950 1057 989 editiones
1085 952 1339 997 retinuerunt,
1367 954 1405 989 et
1432 963 1464 987 v.
1484 949 1574 996 238,
1601 949 1667 988 ubi
1691 948 1873 988 librarius
1900 953 2030 988 noster
2062 951 2145 1000 ipse
2172 951 2355 991 titubavit

311 1023 436 1063 eidem
473 1024 626 1073 spiritui
671 1024 841 1073 primum
878 1026 1004 1073 posito
1040 1038 1235 1074 manuque
1272 1025 1350 1063 fere
1387 1026 1572 1063 exstincto
1599 1036 1859 1073 superponens
1887 1025 2013 1063 lenem
2041 1025 2110 1069 ita,
2150 1031 2194 1063 ut
2221 1027 2355 1064 littera

310 1110 332 1136 o
363 1096 543 1149 spiritum
571 1095 766 1148 duplicem
794 1102 906 1148 gerat
934 1098 1100 1138 alterum
1128 1098 1241 1138 alteri
1269 1097 1504 1137 insidentem.
1542 1097 1675 1137 Paullo
1693 1097 1876 1138 incertius
1904 1101 1974 1144 est,
2002 1111 2094 1137 num
2110 1099 2228 1138 etiam
2255 1112 2354 1146 eam,

309 1184 427 1222 quam
455 1172 704 1211 Hermannus
725 1171 813 1222 jure
841 1172 976 1212 Nonno
1005 1172 1221 1218 vindicavit,
1250 1172 1374 1222 legem
1401 1172 1447 1211 de
1474 1172 1620 1222 primae
1647 1171 1912 1211 declinationis
1939 1171 2078 1211 dativis
2106 1176 2259 1212 tantum
2286 1178 2355 1213 aut

309 1246 348 1284 in
391 1255 507 1296 -ῃσι
553 1251 622 1284 aut
658 1246 698 1284 in
736 1260 842 1292 -αις
879 1246 1139 1285 desinentibus
1178 1250 1329 1285 secutus
1367 1246 1417 1285 sit
1451 1258 1589 1285 necne:
1626 1246 1814 1285 consentit
1853 1259 1940 1284 cum
1977 1246 2207 1286 editionibus
2244 1248 2280 1286 P
2314 1248 2354 1286 in

310 1323 485 1371 θυηλαῖς
522 1334 555 1358 v.
584 1320 656 1366 39,
693 1320 733 1358 in
760 1327 970 1370 στυγεραῑς
997 1334 1030 1358 v.
1062 1321 1158 1367 190,
1196 1321 1235 1358 in
1264 1314 1384 1370 ὥραις
1412 1333 1444 1358 v.
1474 1320 1571 1366 279,
1608 1320 1647 1358 in
1684 1320 1810 1366 δίναις
1838 1333 1870 1358 v.
1900 1320 2000 1367 318,
2038 1321 2076 1359 in
2111 1315 2292 1367 ὀπωπαῖς
2319 1335 2353 1360 v.

311 1395 404 1441 330,
433 1395 474 1433 in
501 1397 708 1445 μερίμναις
745 1407 777 1432 v.
806 1395 905 1440 331,
943 1394 1061 1432 habet
1097 1407 1185 1433 cum
1214 1394 1401 1432 Vossiano
1428 1389 1669 1444 ἀμφοτέραις
1697 1408 1729 1432 v.
1762 1394 1808 1432 18
1845 1406 1915 1444 pro
1943 1394 2153 1434 editionum
2191 1395 2362 1435 lectione*

311 1465 556 1519 ἀμφοτέρῃς,
584 1468 651 1506 sed
677 1482 709 1506 v.
725 1468 802 1507 252
831 1464 1060 1518 ἀμφοτέρῃς
1087 1473 1126 1506 et
1145 1481 1177 1505 V.
1194 1467 1272 1505 309
1292 1471 1489 1518 χειμερίης
1517 1469 1662 1506 vitiosis
1689 1468 1820 1507 formis
1847 1464 2073 1518 ἄμφοτέρης
2101 1473 2141 1507 et
2159 1473 2354 1519 χειμερίης

312 1543 502 1593 πνοιῆσιν
532 1542 643 1593 (sicl)
672 1541 873 1581 confirmat
900 1547 940 1581 et
967 1556 999 1580 v.
1028 1541 1119 1587 257,
1147 1540 1213 1580 ubi
1233 1540 1343 1591 volgo
1362 1542 1578 1593 λευγαλέῃς
1597 1536 1769 1593 ᾰῧρῃσιν
1788 1541 1939 1592 legitur,
1969 1542 2165 1592 egregiam
2186 1543 2353 1593 scriptu-

312 1631 398 1657 ram
427 1617 764 1668 turpissimumque
792 1616 942 1667 lapsum
970 1616 1209 1655 commiscuit
1228 1618 1445 1667 λεπταλίῃσ
1473 1612 1661 1667 αὕραισιν
1690 1615 1802 1667 (sici)
1830 1615 2053 1656 exhibendo.
2082 1616 2178 1655 Mihi
2198 1616 2353 1666 quidem

312 1704 360 1729 ex
388 1691 448 1729 his
477 1704 551 1728 non
578 1690 735 1728 dubium
762 1695 832 1735 est,
874 1690 966 1739 quin
993 1690 1172 1727 Musaeus
1209 1689 1271 1727 hic
1308 1702 1459 1739 quoque
1496 1690 1623 1739 legem
1650 1702 1675 1728 a
1701 1689 1835 1728 Nonno
1864 1690 2051 1728 sancitam
2079 1690 2352 1729 observaverit.

442 1762 587 1803 Contra
613 1764 653 1803 in
681 1777 859 1803 versuum
886 1762 1059 1802 clausula
1086 1775 1109 1801 a
1136 1762 1310 1813 magistri
1338 1776 1427 1801 eum
1455 1763 1661 1802 severitate
1700 1762 1901 1802 descivisse
1942 1767 2133 1803 monstrat
2168 1766 2353 1815 γυναιξίν

312 1852 345 1876 v.
376 1838 428 1876 34
458 1842 498 1876 et
528 1838 616 1883 136,
643 1839 849 1888 βροτοῖσιν
877 1850 909 1874 v.
925 1837 1012 1874 200.
1042 1836 1081 1874 in
1109 1840 1302 1886 postrema
1340 1836 1428 1875 sede
1457 1836 1685 1875 collocatum
1723 1837 1916 1888 sequentis
1954 1851 2086 1877 versus
2124 1839 2234 1877 initio
2261 1852 2352 1878 con-

312 1916 514 1951 sonantem
541 1911 719 1950 habente.
776 1911 855 1949 Nec
890 1910 1004 1948 aliter
1030 1924 1063 1947 v.
1096 1910 1168 1948 128
1205 1910 1501 1962 παρθενικῇσιν
1539 1911 1724 1951 editiones
1762 1911 1925 1958 habent,
1963 1925 2199 1962 quamquam
2225 1913 2353 1962 prima

310 1984 550 2026 succedentis
578 1999 710 2025 versus
740 1997 812 2024 vox
839 1984 1003 2034 θηλείης
1027 1987 1105 2030 est3
1134 1982 1201 2023 sed
1227 1984 1262 2023 P
1290 1999 1315 2024 ν
1343 1980 1629 2034 ἐφελκυστικόν
1666 1985 1830 2033 omittit,
1867 1990 1911 2025 ut
1947 1999 2018 2025 nec
2056 1986 2213 2026 Musaeo
2249 1986 2352 2026 anti-

308 2061 486 2112 quiorum
515 2072 562 2098 ea
589 2059 636 2098 de
664 2072 706 2097 re
734 2070 911 2097 normam
939 2057 1030 2096 olim
1050 2070 1074 2096 a
1093 2070 1153 2096 me
1181 2057 1219 2096 in
1238 2057 1512 2109 prolegomenis
1540 2059 1590 2099 ad
1610 2059 1793 2108 Quintum
1821 2073 1856 2111 p.
1872 2059 2039 2099 XXXVI
2050 2073 2105 2111 sq.
2134 2064 2351 2100 revocatam

306 2147 407 2172 nunc
436 2146 460 2172 a
488 2133 664 2183 plurimis
692 2136 890 2181 receptam
917 2132 1090 2181 ignotam
1117 2130 1233 2168 fuisse
1261 2132 1463 2170 verisimile
1491 2134 1551 2171 sit.

434 2208 509 2246 Sed
542 2208 625 2258 jam
662 2221 710 2246 ex
746 2207 806 2245 his
843 2207 1016 2245 minutiis
1054 2219 1297 2256 emergamus
1334 2211 1372 2244 et
1408 2211 1646 2246 transeamus
1684 2207 1735 2245 ad
1770 2207 1927 2245 bonas
1965 2206 2217 2246 lectiones
2250 2208 2350 2258 jam

305 2283 427 2322 aliis
455 2297 512 2321 ex
540 2282 693 2321 libris
722 2285 985 2325 enotatas,
1022 2292 1122 2330 quae
1150 2293 1252 2318 nunc
1280 2280 1397 2318 etiam
1424 2281 1589 2320 Palatini
1616 2281 1848 2321 auctoritate
1875 2279 2052 2320 firmatae
2091 2281 2183 2331 quin
2221 2281 2352 2323 futuro

305 2356 444 2397 editori
472 2355 715 2407 recipiendae
744 2355 833 2401 sint,
860 2353 1030 2393 dubitari
1056 2353 1201 2403 nequit.
1258 2353 1405 2392 Earum
1431 2355 1555 2404 prima
1582 2369 1615 2394 v.
1643 2354 1692 2393 47
1723 2349 1820 2393 οὐδὲ
1848 2349 1950 2405 γυνή
1978 2368 2035 2401 τις
2062 2355 2225 2406 ἔμιμνεν
2252 2351 2348 2396 ἀνὰ

305 2445 335 2470 π
346 2446 367 2470 τ
381 2445 402 2469 ο
413 2433 593 2480 λίεθρα
611 2426 825 2479 Κυθήρων
839 2441 910 2479 pro
924 2441 979 2474 eo,
1000 2427 1102 2478 quod
1115 2427 1196 2466 fere
1212 2427 1273 2465 edi
1289 2427 1388 2466 solet
1402 2427 1478 2466 ἐνὶ
1498 2443 1525 2466 π
1536 2444 1555 2467 τ
1567 2442 1588 2467 ο
1599 2430 1769 2467 λίεσσι
1783 2424 2004 2478 Κυθήρων,
2014 2428 2097 2479 jam
2112 2441 2159 2467 ex
2173 2430 2346 2481 margine

304 2505 559 2556 quorumdam
587 2504 775 2543 librorum
802 2502 1011 2541 notabatur
1038 2501 1217 2552 neglecta
1244 2501 1294 2540 ab
1322 2501 1507 2540 omnibus.
1562 2501 1637 2541 Sed
1671 2514 1756 2540 eam
1793 2501 1929 2540 horum
1957 2504 2159 2553 poetarum
2187 2517 2346 2543 consue-

303 2580 426 2619 tudini
453 2578 840 2618 accommodatiorem
868 2590 950 2616 esse
979 2576 1238 2616 demonstrari
1265 2579 1403 2625 potest.
1432 2576 1529 2614 Tum
1555 2590 1588 2614 v.
1617 2575 1668 2614 56
1695 2575 1795 2625 quod
1821 2576 1857 2615 P
1884 2576 2046 2625 praebet
2072 2574 2344 2629 μαρμαρυγῆν

302 2656 555 2704 χαρίεσσα
568 2668 591 2692 ν
629 2647 972 2702 ἀπαστράπτουσα
1018 2646 1240 2699 προσώπου
1263 2648 1347 2699 jam
1384 2649 1423 2688 in
1459 2648 1737 2700 antiquioribus
1773 2649 2000 2690 editionibus
2037 2650 2189 2690 obvium
2225 2656 2343 2703 atque

300 2728 427 2768 Nonni
453 2728 631 2779 magistri
659 2726 859 2777 exemplis,
884 2729 928 2764 ut
956 2725 1021 2771 30,
1041 2736 1114 2768 25⁶.
1144 2724 1207 2770 33,
1229 2736 1280 2767 24.
1308 2724 1373 2771 40,
1397 2736 1460 2767 414
1488 2724 1640 2775 egregie
1677 2723 1873 2764 defensum
1911 2725 2064 2765 omnino
2099 2725 2240 2777 expelli
2266 2739 2342 2765 non

298 2801 466 2842 debebat
492 2810 587 2853 prae
614 2801 682 2841 illo
710 2802 888 2851 suspecto
915 2799 1211 2849 χαρίεντος,
1241 2797 1342 2848 quod
1370 2797 1409 2836 in
1437 2809 1515 2844 sex,
1535 2798 1567 2836 si
1594 2797 1652 2837 dis
1680 2797 1818 2849 placet,
1846 2798 2038 2840 codicibus
2057 2800 2253 2839 inventum
2281 2800 2340 2839 in-

299 2877 403 2916 vexit
428 2877 622 2916 Roeverus
650 2874 936 2915 contradicente
965 2873 1171 2923 Lennepio‚
1199 2877 1402 2912 servarunt
1429 2872 1672 2912 Heinrichius
1705 2877 1745 2912 et
1771 2873 1982 2913 Passovius.
2038 2873 2181 2914 Contra
2208 2887 2341 2913 omnes
