2692 3515
1187 317 1453 356 -ΧῙ-

304 428 373 470 ubi
400 429 609 471 deteriores
636 429 1037 483 βαρυγδούποιο
1065 434 1263 485 epitheton
1299 434 1464 474 otiosum
1500 447 1571 485 pro
1607 434 1781 485 graw'ter
1817 435 1942 485 posito
1978 434 2095 475 verbo
2132 448 2179 475 ex
2216 449 2249 475 ν.
2279 436 2359 477 270

307 504 458 543 invasit.

435 579 522 618 Huc
548 593 668 630 usque
695 582 792 620 nihil
819 594 911 620 sane
940 595 986 620 ex
1015 583 1051 621 P
1077 584 1290 629 attulimus,
1318 584 1422 633 quod
1449 596 1525 623 non
1552 597 1600 622 ex
1628 585 1715 623 aliis
1737 584 1823 633 jam
1851 584 1960 622 libris
1983 585 2181 634 prolatum
2210 585 2355 624 fuisset.

309 650 386 690 Sed
412 652 538 702 maj0r
564 655 681 693 etiam
707 668 939 694 verarum
968 657 1336 706 scripturarum
1373 671 1555 697 numerus
1583 662 1654 704 est,
1691 670 1812 707 quas
1840 659 2074 701 omnium,
2104 663 2357 708 quotquot

306 725 471 766 adhuc
507 728 726 778 inspecti
764 735 899 776 sunt,
937 730 1159 769 codicum
1195 731 1330 769 solus
1358 733 1394 770 P
1430 733 1671 771 exhibere
1708 732 1923 771 videtur.
1980 732 2164 772 Consulto
2202 735 2353 773 cautius

305 804 479 839 nostrum
509 802 676 842 codicem
691 804 909 853 praedicavi
937 804 983 842 de
1011 804 1280 862 inspectis,
1308 817 1383 843 non
1397 805 1443 844 de
1462 806 1612 845 collatis
1631 806 1825 846 codicibus
1850 807 2011 852 locutus,
2028 820 2099 846 nec
2128 807 2175 846 de
2200 809 2354 847 unica

305 873 388 924 ejus
405 877 642 925 praestantia
668 882 869 929 tamquam
896 883 1007 917 extra
1022 891 1175 916 omnem
1202 877 1480 918 dubitationem
1507 881 1632 930 posita
1650 881 1848 932 gloriatus.
1888 881 2057 932 Ingenue
2080 882 2183 921 enim
2211 882 2349 930 fateor,

305 950 449 987 caeteri
477 952 508 988 si
528 952 662 991 eadem
688 953 889 1002 diligentia
915 953 1045 991 collati
1073 952 1218 990 fuerint
1245 953 1421 991 meliores
1444 955 1544 1000 libri,
1573 957 1650 993 sive
1678 969 1809 995 01111165
1829 958 1907 995 sive
1936 957 2143 1006 plerasque
2168 958 2351 998 lectiones

305 1037 331 1062 a
344 1024 453 1063 nobis
481 1039 501 1064 e
528 1026 564 1065 P
591 1025 798 1075 productas
817 1027 857 1065 in
875 1026 935 1065 1115
954 1040 1105 1076 quoque
1125 1026 1322 1065 inventum
1336 1027 1384 1066 iri
1399 1028 1492 1067 mihi
1518 1043 1743 1078 persuasum
1762 1044 1854 1070 esse.
1884 1031 2058 1070 Manebit
2075 1037 2207 1071 tamen
2232 1034 2352 1072 etiam

306 1100 390 1136 tum
417 1103 546 1139 nostro
569 1099 689 1138 codici
717 1112 787 1139 sua
806 1100 1131 1151 prioritatiS,
1169 1112 1286 1150 quam
1304 1100 1469 1140 barbare
1490 1114 1680 1147 vocamus,
1696 1103 1780 1142 laus
1797 1104 1857 1143 vel
1875 1105 1914 1143 in
1937 1105 2106 1145 classicis
2115 1106 2185 1158 11115
2214 1107 2351 1147 studiis

306 1173 579 1213 studiosissime
608 1175 784 1223 quaesita
811 1180 927 1224 atque
955 1174 1060 1212 haud
1086 1187 1177 1212 raro
1205 1175 1431 1223 gravissimo
1459 1189 1548 1214 cum
1571 1176 1699 1215 furore
1728 1178 1940 1225 vindicata,
1967 1193 2036 1218 nec
2064 1182 2185 1226 video,
2215 1183 2349 1231 quidni

305 1247 424 1285 etiam
463 1251 592 1287 nostro
628 1247 748 1287 codici
794 1252 929 1287 contra
974 1248 1124 1298 ignotos
1162 1248 1382 1287 etiamnunc
1417 1249 1602 1289 bonitatis
1640 1264 1731 1289 suae
1767 1251 1937 1291 aemulos
1974 1253 2158 1293 utendum
2196 1256 2246 1294 511
2282 1256 2348 1296 1110

307 1320 538 1360 Horatiano:
945 1321 1149 1368 „Paullum
1177 1321 1351 1372 sepultae
1379 1322 1499 1363 distat
1525 1324 1688 1363 inertiae

944 1395 1116 1434 celata
1143 1396 1352 1434 virtus“!

433 1468 514 1519 Age
542 1468 661 1519 igitur
687 1469 770 1520 ejus
797 1469 918 1520 ipsius
945 1470 1187 1509 virtutem
1208 1470 1433 1517 revelemus
1462 1485 1561 1522 quae
1579 1471 1807 1523 plerumque
1826 1474 1882 1513 ita
1902 1487 1984 1514 sese
2006 1477 2248 1517 commendat
2265 1480 2350 1529 ipsa

305 1547 421 1592 atque
449 1543 711 1590 „intaminatis
738 1543 861 1594 fulget
890 1543 1143 1589 honoribus“,
1172 1549 1215 1583 ut
1243 1546 1385 1584 nostris
1412 1546 1627 1596 praeconiis
1663 1546 1862 1597 longisque
1901 1549 2084 1588 orationis
2124 1551 2350 1601 ambagibus

307 1616 461 1655 minime
489 1629 601 1667 egere
629 1617 814 1656 videatur.

429 1692 491 1730 Ita
518 1693 652 1731 statim
677 1706 711 1730 v.
739 1692 791 1730 58
820 1692 922 1742 quod
948 1693 990 1730 in
1016 1693 1191 1731 omnibus
1219 1693 1450 1733 editionibus
1477 1695 1620 1745 legitur

825 1762 930 1817 ἄκρα
959 1765 1003 1805 δὲ
1032 1767 1201 1817 χιονὲων
1229 1771 1464 1817 φοινίσσετο
1493 1767 1621 1810 κύκλα
1646 1771 1823 1820 παρειῶν

302 1854 328 1879 a
354 1853 487 1880 severa
512 1841 651 1880 horum
677 1843 882 1891 poctarum
907 1855 1062 1888 norma,
1089 1842 1156 1891 qui
1188 1842 1338 1892 primae
1366 1843 1633 1884 declinationis
1661 1846 1879 1896 genetivum
1908 1846 2097 1896 pluralem
2127 1861 2283 1899 semper
2309 1850 2350 1888 in

306 1910 411 1955 -άων
435 1928 629 1966 nunquam
656 1915 696 1954 in
724 1913 803 1956 -ὦν
830 1917 909 1955 sive
936 1914 1036 1955 -έων
1063 1916 1167 1955 exire
1195 1916 1406 1964 voluerint,
1444 1919 1653 1959 abhorrere
1681 1921 1877 1961 verissime
1905 1921 2122 1961 observavit
2152 1922 2346 1964 Wernick.

302 1988 355 2029 ad
380 1988 581 2041 Tryphiod.
609 2002 646 2040 p.
675 1989 723 2028 81
736 2002 791 2040 sq.
846 1989 982 2040 Itaque
1020 1989 1082 2029 hic
1109 2001 1197 2028 cum
1224 2002 1248 2046 e
1273 1990 1421 2031 duobus
1448 1992 1640 2034 codicibus
1667 2008 1755 2046 χιον
1768 1994 1790 2033 ε’
1795 2009 1851 2046 ης
1878 2000 2121 2042 motaretur,
2162 1996 2253 2048 jure
2281 1997 2347 2038 1116

302 2064 421 2103 etiam
447 2064 487 2102 in
512 2063 587 2102 fine
611 2063 791 2114 παρειῆς
818 2063 1086 2114 corrigendum
1112 2065 1387 2114 pronuntiavit.
1443 2067 1563 2117 Atqui
1591 2072 1796 2118 utrumque
1824 2069 1861 2108 P
1887 2069 2060 2119 praebet.

429 2138 493 2177 Vs.
522 2139 571 2176 67
601 2139 680 2177 sine
708 2139 894 2177 varietate
921 2142 961 2176 et
988 2137 1228 2177 dubitatione
1256 2153 1388 2178 omnes
1416 2143 1607 2180 scribunt:

798 2208 851 2259 ὥς
878 2205 903 2263 ἢ
928 2209 1002 2263 μὲν
1029 2210 1121 2263 περὶ
1149 2208 1300 2253 πολλὸν
1319 2209 1622 2262 ἀριστεύσασα
1650 2215 1856 2266 γυναικῶν

798 2283 1003 2335 Κύπριδος
1030 2282 1223 2338 ἀρήτειρα
1250 2286 1322 2338 νεή
1350 2288 1575 2337 διεφαίνετο
1604 2286 1775 2340 Κύπρις.

301 2361 447 2398 Verum
475 2374 591 2410 quam
618 2361 803 2399 absonum
825 2362 861 2398 h.
890 2362 912 2398 l.
941 2362 991 2399 sit
1018 2362 1153 2399 aoristi
1179 2363 1438 2411 participium,
1466 2364 1552 2412 quis
1579 2377 1656 2402 non
1684 2365 1816 2403 videt?
1843 2366 1882 2404 P
1909 2367 2124 2405 rectissime
2161 2363 2345 2418 ἀριστεύ-

300 2450 322 2472 ο
336 2446 452 2484 υσα,
481 2436 585 2485 quod
609 2436 693 2485 jam
719 2436 862 2474 dudum
889 2435 1107 2485 conjectura
1133 2437 1266 2484 reponi
1293 2436 1468 2475 debebat.

428 2509 507 2549 Nec
535 2525 567 2550 v.
599 2510 670 2550 151
702 2511 904 2561 quisquam
931 2509 1162 2556 attrectavit,
1189 2509 1257 2549 ubi
1283 2523 1370 2549 cum
1397 2510 1508 2562 volgo
1535 2512 1725 2552 traditum
1753 2519 1878 2554 esset:

797 2578 849 2630 ὥς
872 2578 1033 2634 θρασὺν
1057 2578 1259 2633 Ἡρακλῆα
1280 2579 1381 2630 θοὰς
1398 2580 1670 2635 χρυσόρραπις
1694 2581 1841 2638 Ἐρμῆς

796 2654 984 2710 θητεύειν
1012 2654 1224 2710 ἐκόμιζεν
1246 2654 1494 2711 Ἰαρδανίην
1519 2659 1639 2701 ποτὶ
1666 2657 1866 2715 νύμφην,

299 2737 431 2772 tamen
457 2737 590 2772 notum
618 2736 703 2772 erat
730 2733 833 2783 apud
860 2733 1037 2772 Tzetzam
1055 2732 1096 2771 in
1122 2731 1283 2771 Chiliad„
1311 2734 1361 2780 ΙΙ,
1388 2735 1480 2782 445,
1507 2736 1574 2774 ubi
1601 2750 1633 2774 v.
1651 2737 1863 2777 148—152
1887 2738 1938 2777 ad
1970 2739 2129 2778 verbum
2158 2740 2344 2792 exscripti

300 2813 409 2854 sunt,
436 2809 476 2846 in
503 2808 611 2847 codd.
647 2807 727 2846 fere
754 2808 831 2857 legi
859 2805 1111 2858 ἐκόμισσεν
1132 2807 1345 2859 ‘lapsuum
1373 2811 1494 2848 ποτὲ
1521 2808 1682 2862 νύμφῃ.
1739 2813 1794 2851 Et
1814 2814 1871 2851 ita
1898 2815 2016 2852 etiam
2046 2815 2103 2860 P,
2139 2817 2213 2854 nisi
2240 2816 2343 2865 quod

300 2882 410 2925 solito
438 2897 567 2925 errore
597 2877 779 2934 ἐκόμισεν
805 2882 925 2924 habit.
979 2882 1196 2935 Utrumque
1222 2896 1357 2925 verum
1383 2899 1466 2927 esse
1494 2901 1542 2928 ex
1571 2902 1688 2929 versu
1714 2894 1755 2930 et
1780 2890 2032 2931 antecedente
