<?xml version="1.0" encoding="UTF-8"?>
<!DOCTYPE html PUBLIC "-//W3C//DTD XHTML 1.0 Transitional//EN"
    "http://www.w3.org/TR/xhtml1/DTD/xhtml1-transitional.dtd">
<html xmlns="http://www.w3.org/1999/xhtml" xml:lang="en" lang="en">
 <head>
  <title>
</title>
<meta http-equiv="Content-Type" content="text/html;charset=utf-8" />
  <meta name='ocr-system' content='tesseract 3.04.00' />
  <meta name='ocr-capabilities' content='ocr_page ocr_carea ocr_par ocr_line ocrx_word'/>
</head>
<body>
  <div class='ocr_page' id='page_1' title='image "./4771400_0025.png"; bbox 0 0 2692 3515; ppageno 0'>
   <div class='ocr_carea' id='block_1_1' title="bbox 1188 367 1509 408">
    <p class='ocr_par' dir='ltr' id='par_1_1' title="bbox 1188 367 1509 408">
     <span class='ocr_line' id='line_1_1' title="bbox 1188 367 1509 408; baseline -0.003 0"><span class='ocrx_word' id='word_1_1' title='bbox 1188 367 1509 408; x_wconf 88' lang='lat' dir='ltr'><strong>—XVII—</strong></span> 
     </span>
    </p>
   </div>
   <div class='ocr_carea' id='block_1_2' title="bbox 333 479 2376 2916">
    <p class='ocr_par' dir='ltr' id='par_1_2' title="bbox 333 479 2376 2916">
     <span class='ocr_line' id='line_1_2' title="bbox 333 479 2376 535; baseline -0.001 -10"><span class='ocrx_word' id='word_1_2' title='bbox 333 488 446 525; x_wconf 72' lang='lat' dir='ltr'>sunt:</span> <span class='ocrx_word' id='word_1_3' title='bbox 469 484 679 525; x_wconf 81' lang='lat'><strong>321—323</strong></span> <span class='ocrx_word' id='word_1_4' title='bbox 690 479 870 531; x_wconf 76' lang='grc' dir='ltr'><em>Ἀτθίδος</em></span> <span class='ocrx_word' id='word_1_5' title='bbox 889 508 934 513; x_wconf 93' lang='grc'>-</span> <span class='ocrx_word' id='word_1_6' title='bbox 952 479 1068 535; x_wconf 84' lang='grc' dir='ltr'><em>ὁρμῇ,</em></span> <span class='ocrx_word' id='word_1_7' title='bbox 1096 485 1305 524; x_wconf 83' lang='grc'><strong>325-327</strong></span> <span class='ocrx_word' id='word_1_8' title='bbox 1333 483 1399 523; x_wconf 87' lang='grc' dir='ltr'>καὶ</span> <span class='ocrx_word' id='word_1_9' title='bbox 1418 507 1463 512; x_wconf 89' lang='lat'>——</span> <span class='ocrx_word' id='word_1_10' title='bbox 1481 479 1617 534; x_wconf 77' lang='grc' dir='ltr'><em>ἅλμης,</em></span> <span class='ocrx_word' id='word_1_11' title='bbox 1646 484 1860 522; x_wconf 82' lang='grc'>318-320</span> <span class='ocrx_word' id='word_1_12' title='bbox 1874 480 2103 532; x_wconf 78' lang='grc' dir='ltr'><em>αἰνοπαθής</em></span> <span class='ocrx_word' id='word_1_13' title='bbox 2127 484 2172 521; x_wconf 76' lang='grc' dir='ltr'><em>δε</em></span> <span class='ocrx_word' id='word_1_14' title='bbox 2199 485 2376 535; x_wconf 69' lang='grc'>(8103)-</span> 
     </span>
     <span class='ocr_line' id='line_1_3' title="bbox 335 554 733 612; baseline 0 -12"><span class='ocrx_word' id='word_1_15' title='bbox 335 554 562 612; x_wconf 80' lang='grc' dir='ltr'><em>θαλάσσης,</em></span> <span class='ocrx_word' id='word_1_16' title='bbox 590 557 668 601; x_wconf 82' lang='grc'>328</span> <span class='ocrx_word' id='word_1_17' title='bbox 679 573 733 612; x_wconf 91' lang='lat' dir='ltr'>sq.</span> 
     </span>
     <span class='ocr_line' id='line_1_4' title="bbox 778 626 1835 686; baseline -0.001 -13"><span class='ocrx_word' id='word_1_18' title='bbox 778 631 845 674; x_wconf 86' lang='grc' dir='ltr'>καὶ</span> <span class='ocrx_word' id='word_1_19' title='bbox 871 629 921 686; x_wconf 77' lang='grc' dir='ltr'>δὴ</span> <span class='ocrx_word' id='word_1_20' title='bbox 949 628 1098 686; x_wconf 79' lang='grc' dir='ltr'><strong><em>λύχνον</em></strong></span> <span class='ocrx_word' id='word_1_21' title='bbox 1125 628 1295 674; x_wconf 75' lang='grc' dir='ltr'><em>ἄπιστον</em></span> <span class='ocrx_word' id='word_1_22' title='bbox 1322 628 1519 685; x_wconf 77' lang='grc' dir='ltr'><em>ἀπέσβεσε</em></span> <span class='ocrx_word' id='word_1_23' title='bbox 1546 627 1686 684; x_wconf 83' lang='grc' dir='ltr'><em>πικρὸς</em></span> <span class='ocrx_word' id='word_1_24' title='bbox 1713 626 1835 684; x_wconf 79' lang='grc' dir='ltr'><em>ἀήτης</em></span> 
     </span>
     <span class='ocr_line' id='line_1_5' title="bbox 778 704 1789 760; baseline -0.002 -13"><span class='ocrx_word' id='word_1_25' title='bbox 778 707 844 747; x_wconf 84' lang='grc' dir='ltr'>καὶ</span> <span class='ocrx_word' id='word_1_26' title='bbox 871 704 1003 759; x_wconf 83' lang='grc' dir='ltr'><em>ψυχὴν</em></span> <span class='ocrx_word' id='word_1_27' title='bbox 1030 707 1095 748; x_wconf 83' lang='grc' dir='ltr'>καὶ</span> <span class='ocrx_word' id='word_1_28' title='bbox 1123 710 1251 760; x_wconf 86' lang='grc' dir='ltr'><em>ἔρωτα</em></span> <span class='ocrx_word' id='word_1_29' title='bbox 1279 705 1537 759; x_wconf 79' lang='grc' dir='ltr'><em>πολυτλήτοιο</em></span> <span class='ocrx_word' id='word_1_30' title='bbox 1566 704 1789 758; x_wconf 79' lang='grc' dir='ltr'><em>Λεάνδρου.</em></span> 
     </span>
     <span class='ocr_line' id='line_1_6' title="bbox 462 782 2376 834; baseline 0.001 -13"><span class='ocrx_word' id='word_1_31' title='bbox 462 782 536 821; x_wconf 91' lang='lat' dir='ltr'>Hic</span> <span class='ocrx_word' id='word_1_32' title='bbox 563 795 652 822; x_wconf 86' lang='lat' dir='ltr'>vero</span> <span class='ocrx_word' id='word_1_33' title='bbox 674 782 758 834; x_wconf 83' lang='lat' dir='ltr'>jam</span> <span class='ocrx_word' id='word_1_34' title='bbox 785 782 836 822; x_wconf 88' lang='lat' dir='ltr'>ad</span> <span class='ocrx_word' id='word_1_35' title='bbox 871 796 959 823; x_wconf 91' lang='lat' dir='ltr'>eum</span> <span class='ocrx_word' id='word_1_36' title='bbox 985 782 1111 822; x_wconf 92' lang='lat' dir='ltr'>locum</span> <span class='ocrx_word' id='word_1_37' title='bbox 1136 782 1391 834; x_wconf 82' lang='lat' dir='ltr'>pervenimus,</span> <span class='ocrx_word' id='word_1_38' title='bbox 1419 795 1494 832; x_wconf 93' lang='lat' dir='ltr'>quo</span> <span class='ocrx_word' id='word_1_39' title='bbox 1520 782 1639 821; x_wconf 81' lang='lat' dir='ltr'><strong>codex</strong></span> <span class='ocrx_word' id='word_1_40' title='bbox 1657 786 1788 822; x_wconf 88' lang='lat' dir='ltr'>noster</span> <span class='ocrx_word' id='word_1_41' title='bbox 1806 794 1999 821; x_wconf 91' lang='lat' dir='ltr'>summum</span> <span class='ocrx_word' id='word_1_42' title='bbox 2018 782 2127 821; x_wconf 91' lang='lat' dir='ltr'>nobis</span> <span class='ocrx_word' id='word_1_43' title='bbox 2147 782 2376 822; x_wconf 91' lang='lat' dir='ltr'>beneficium</span> 
     </span>
     <span class='ocr_line' id='line_1_7' title="bbox 337 854 1510 909; baseline 0 -14"><span class='ocrx_word' id='word_1_44' title='bbox 337 856 544 908; x_wconf 87' lang='lat' dir='ltr'>praestitit.</span> <span class='ocrx_word' id='word_1_45' title='bbox 598 856 643 896; x_wconf 93' lang='lat' dir='ltr'>In</span> <span class='ocrx_word' id='word_1_46' title='bbox 669 855 831 909; x_wconf 82' lang='lat' dir='ltr'>volgatis</span> <span class='ocrx_word' id='word_1_47' title='bbox 860 856 962 896; x_wconf 91' lang='lat' dir='ltr'>enim</span> <span class='ocrx_word' id='word_1_48' title='bbox 989 855 1097 897; x_wconf 84' lang='lat' dir='ltr'>libris</span> <span class='ocrx_word' id='word_1_49' title='bbox 1121 856 1206 909; x_wconf 88' lang='lat' dir='ltr'>jam</span> <span class='ocrx_word' id='word_1_50' title='bbox 1233 855 1290 895; x_wconf 90' lang='lat' dir='ltr'>ita</span> <span class='ocrx_word' id='word_1_51' title='bbox 1315 854 1510 908; x_wconf 77' lang='lat' dir='ltr'>pergitur:</span> 
     </span>
     <span class='ocr_line' id='line_1_8' title="bbox 780 925 1791 980; baseline -0.003 -9"><span class='ocrx_word' id='word_1_52' title='bbox 780 932 898 971; x_wconf 82' lang='grc' dir='ltr'><em>εἰσέτι</em></span> <span class='ocrx_word' id='word_1_53' title='bbox 926 927 961 970; x_wconf 83' lang='grc' dir='ltr'>δ’</span> <span class='ocrx_word' id='word_1_54' title='bbox 988 928 1207 977; x_wconf 82' lang='grc' dir='ltr'><em>ἰθύνοντος</em></span> <span class='ocrx_word' id='word_1_55' title='bbox 1234 927 1293 969; x_wconf 80' lang='grc' dir='ltr'>ἐπ’</span> <span class='ocrx_word' id='word_1_56' title='bbox 1320 925 1585 980; x_wconf 85' lang='grc' dir='ltr'><em>άγρύπνοισιν</em></span> <span class='ocrx_word' id='word_1_57' title='bbox 1612 926 1791 977; x_wconf 83' lang='grc' dir='ltr'><em>ὀπωπαῐς</em></span> 
     </span>
     <span class='ocr_line' id='line_1_9' title="bbox 777 1000 1777 1057; baseline 0 -13"><span class='ocrx_word' id='word_1_58' title='bbox 777 1006 915 1045; x_wconf 82' lang='grc' dir='ltr'><strong><em>ἵστατο</em></strong></span> <span class='ocrx_word' id='word_1_59' title='bbox 942 1007 1195 1057; x_wconf 85' lang='grc' dir='ltr'><em>κυμαίνουσα</em></span> <span class='ocrx_word' id='word_1_60' title='bbox 1223 1000 1533 1044; x_wconf 83' lang='grc' dir='ltr'><em>πολυκλαύτοισι</em></span> <span class='ocrx_word' id='word_1_61' title='bbox 1559 1007 1777 1055; x_wconf 80' lang='grc' dir='ltr'><em>μερίμναις,</em></span> 
     </span>
     <span class='ocr_line' id='line_1_10' title="bbox 339 1074 2373 1129; baseline 0.001 -11"><span class='ocrx_word' id='word_1_62' title='bbox 339 1077 406 1119; x_wconf 88' lang='lat' dir='ltr'>ubi</span> <span class='ocrx_word' id='word_1_63' title='bbox 433 1090 520 1119; x_wconf 86' lang='lat' dir='ltr'>cum</span> <span class='ocrx_word' id='word_1_64' title='bbox 545 1078 640 1119; x_wconf 90' lang='lat' dir='ltr'>illud</span> <span class='ocrx_word' id='word_1_65' title='bbox 666 1074 883 1126; x_wconf 78' lang='grc' dir='ltr'><em>ίθύνοντος</em></span> <span class='ocrx_word' id='word_1_66' title='bbox 910 1092 1024 1120; x_wconf 90' lang='lat' dir='ltr'>sensu</span> <span class='ocrx_word' id='word_1_67' title='bbox 1050 1081 1213 1126; x_wconf 78' lang='lat' dir='ltr'>careret,</span> <span class='ocrx_word' id='word_1_68' title='bbox 1241 1081 1393 1118; x_wconf 88' lang='lat' dir='ltr'>mature</span> <span class='ocrx_word' id='word_1_69' title='bbox 1421 1082 1635 1118; x_wconf 89' lang='lat' dir='ltr'>correctum</span> <span class='ocrx_word' id='word_1_70' title='bbox 1662 1082 1721 1118; x_wconf 89' lang='lat' dir='ltr'>est</span> <span class='ocrx_word' id='word_1_71' title='bbox 1747 1078 1975 1129; x_wconf 84' lang='lat' dir='ltr'>quibusdam</span> <span class='ocrx_word' id='word_1_72' title='bbox 2002 1080 2195 1120; x_wconf 83' lang='lat' dir='ltr'><strong>codicibus</strong></span> <span class='ocrx_word' id='word_1_73' title='bbox 2233 1082 2373 1121; x_wconf 78' lang='lat' dir='ltr'>adsen-</span> 
     </span>
     <span class='ocr_line' id='line_1_11' title="bbox 336 1150 2371 1205; baseline 0.002 -14"><span class='ocrx_word' id='word_1_74' title='bbox 336 1153 519 1192; x_wconf 87' lang='lat' dir='ltr'>tientibus</span> <span class='ocrx_word' id='word_1_75' title='bbox 545 1154 586 1192; x_wconf 90' lang='lat' dir='ltr'>in</span> <span class='ocrx_word' id='word_1_76' title='bbox 612 1150 887 1205; x_wconf 80' lang='grc' dir='ltr'><em>δηθύνοντος,</em></span> <span class='ocrx_word' id='word_1_77' title='bbox 924 1152 1026 1204; x_wconf 92' lang='lat' dir='ltr'>quod</span> <span class='ocrx_word' id='word_1_78' title='bbox 1064 1153 1158 1203; x_wconf 90' lang='lat' dir='ltr'>quin</span> <span class='ocrx_word' id='word_1_79' title='bbox 1184 1164 1318 1191; x_wconf 87' lang='lat' dir='ltr'>verum</span> <span class='ocrx_word' id='word_1_80' title='bbox 1354 1151 1425 1199; x_wconf 89' lang='lat' dir='ltr'>sit,</span> <span class='ocrx_word' id='word_1_81' title='bbox 1457 1151 1627 1191; x_wconf 87' lang='lat' dir='ltr'>dubitari</span> <span class='ocrx_word' id='word_1_82' title='bbox 1662 1163 1753 1191; x_wconf 87' lang='lat' dir='ltr'>sane</span> <span class='ocrx_word' id='word_1_83' title='bbox 1788 1164 1864 1192; x_wconf 93' lang='lat' dir='ltr'>non</span> <span class='ocrx_word' id='word_1_84' title='bbox 1890 1156 2036 1203; x_wconf 88' lang='lat' dir='ltr'>potest,</span> <span class='ocrx_word' id='word_1_85' title='bbox 2064 1153 2132 1194; x_wconf 86' lang='lat' dir='ltr'>sed</span> <span class='ocrx_word' id='word_1_86' title='bbox 2159 1154 2371 1195; x_wconf 86' lang='lat' dir='ltr'>admissum</span> 
     </span>
     <span class='ocr_line' id='line_1_12' title="bbox 337 1225 2367 1279; baseline 0.001 -13"><span class='ocrx_word' id='word_1_87' title='bbox 337 1227 521 1278; x_wconf 87' lang='lat' dir='ltr'>asyndeto</span> <span class='ocrx_word' id='word_1_88' title='bbox 546 1227 672 1266; x_wconf 89' lang='lat' dir='ltr'>locum</span> <span class='ocrx_word' id='word_1_89' title='bbox 698 1227 767 1266; x_wconf 86' lang='lat' dir='ltr'>dat</span> <span class='ocrx_word' id='word_1_90' title='bbox 792 1241 949 1278; x_wconf 86' lang='lat' dir='ltr'>prorsus</span> <span class='ocrx_word' id='word_1_91' title='bbox 975 1225 1220 1264; x_wconf 70' lang='lat' dir='ltr'>intolerabili.</span> <span class='ocrx_word' id='word_1_92' title='bbox 1275 1225 1413 1275; x_wconf 85' lang='lat' dir='ltr'>Itaque</span> <span class='ocrx_word' id='word_1_93' title='bbox 1440 1225 1672 1264; x_wconf 78' lang='lat' dir='ltr'>recentiores</span> <span class='ocrx_word' id='word_1_94' title='bbox 1708 1239 1838 1264; x_wconf 91' lang='lat' dir='ltr'>omnes</span> <span class='ocrx_word' id='word_1_95' title='bbox 1865 1239 1886 1264; x_wconf 94' lang='lat' dir='ltr'>e</span> <span class='ocrx_word' id='word_1_96' title='bbox 1914 1227 1996 1265; x_wconf 86' lang='lat' dir='ltr'>sola</span> <span class='ocrx_word' id='word_1_97' title='bbox 2031 1229 2252 1277; x_wconf 84' lang='lat' dir='ltr'>conjectura</span> <span class='ocrx_word' id='word_1_98' title='bbox 2280 1225 2305 1279; x_wconf 85' lang='grc' dir='ltr'><em>ἢ</em></span> <span class='ocrx_word' id='word_1_99' title='bbox 2332 1226 2367 1268; x_wconf 77' lang='grc' dir='ltr'>δ’</span> 
     </span>
     <span class='ocr_line' id='line_1_13' title="bbox 337 1296 2371 1352; baseline 0.001 -11"><span class='ocrx_word' id='word_1_100' title='bbox 337 1302 360 1341; x_wconf 77' lang='grc' dir='ltr'><strong><em>ἔ</em></strong></span> <span class='ocrx_word' id='word_1_101' title='bbox 367 1315 413 1340; x_wconf 92' lang='grc' dir='ltr'><em>τι</em></span> <span class='ocrx_word' id='word_1_102' title='bbox 441 1296 691 1351; x_wconf 80' lang='grc' dir='ltr'><em>δηθύνοντος</em></span> <span class='ocrx_word' id='word_1_103' title='bbox 717 1300 954 1352; x_wconf 89' lang='lat' dir='ltr'>scripserunt</span> <span class='ocrx_word' id='word_1_104' title='bbox 980 1299 1206 1350; x_wconf 87' lang='lat' dir='ltr'>obtegentes</span> <span class='ocrx_word' id='word_1_105' title='bbox 1233 1313 1309 1338; x_wconf 92' lang='lat' dir='ltr'>non</span> <span class='ocrx_word' id='word_1_106' title='bbox 1332 1303 1513 1338; x_wconf 85' lang='lat' dir='ltr'>sanantes</span> <span class='ocrx_word' id='word_1_107' title='bbox 1540 1299 1705 1338; x_wconf 83' lang='lat' dir='ltr'>volneris</span> <span class='ocrx_word' id='word_1_108' title='bbox 1732 1299 1891 1338; x_wconf 90' lang='lat' dir='ltr'>hiatum.</span> <span class='ocrx_word' id='word_1_109' title='bbox 1920 1301 2074 1339; x_wconf 84' lang='lat' dir='ltr'>Etenim</span> <span class='ocrx_word' id='word_1_110' title='bbox 2100 1302 2162 1341; x_wconf 84' lang='lat' dir='ltr'>hic</span> <span class='ocrx_word' id='word_1_111' title='bbox 2185 1304 2371 1352; x_wconf 76' lang='lat' dir='ltr'>quosdam</span> 
     </span>
     <span class='ocr_line' id='line_1_14' title="bbox 339 1372 2371 1425; baseline 0 -9"><span class='ocrx_word' id='word_1_112' title='bbox 339 1388 472 1417; x_wconf 86' lang='lat' dir='ltr'>versus</span> <span class='ocrx_word' id='word_1_113' title='bbox 498 1375 735 1417; x_wconf 87' lang='lat' dir='ltr'>intercidisse</span> <span class='ocrx_word' id='word_1_114' title='bbox 762 1379 803 1416; x_wconf 89' lang='lat' dir='ltr'>et</span> <span class='ocrx_word' id='word_1_115' title='bbox 829 1375 957 1415; x_wconf 90' lang='lat' dir='ltr'>Herus</span> <span class='ocrx_word' id='word_1_116' title='bbox 984 1386 1124 1414; x_wconf 92' lang='lat' dir='ltr'>nomen</span> <span class='ocrx_word' id='word_1_117' title='bbox 1151 1372 1384 1413; x_wconf 84' lang='lat' dir='ltr'>narrationis</span> <span class='ocrx_word' id='word_1_118' title='bbox 1402 1372 1453 1413; x_wconf 87' lang='lat' dir='ltr'>ad</span> <span class='ocrx_word' id='word_1_119' title='bbox 1470 1373 1595 1425; x_wconf 85' lang='lat' dir='ltr'>ipsam</span> <span class='ocrx_word' id='word_1_120' title='bbox 1614 1374 1843 1413; x_wconf 85' lang='lat' dir='ltr'>revertentis</span> <span class='ocrx_word' id='word_1_121' title='bbox 1857 1374 1967 1414; x_wconf 84' lang='lat' dir='ltr'>initio</span> <span class='ocrx_word' id='word_1_122' title='bbox 1985 1375 2167 1415; x_wconf 88' lang='lat' dir='ltr'>omissum</span> <span class='ocrx_word' id='word_1_123' title='bbox 2193 1381 2233 1416; x_wconf 89' lang='lat' dir='ltr'>et</span> <span class='ocrx_word' id='word_1_124' title='bbox 2258 1378 2371 1417; x_wconf 93' lang='lat' dir='ltr'>nimis</span> 
     </span>
     <span class='ocr_line' id='line_1_15' title="bbox 337 1444 2371 1502; baseline 0 -11"><span class='ocrx_word' id='word_1_125' title='bbox 337 1451 544 1502; x_wconf 90' lang='lat' dir='ltr'>abruptum</span> <span class='ocrx_word' id='word_1_126' title='bbox 571 1450 666 1490; x_wconf 91' lang='lat' dir='ltr'>illud</span> <span class='ocrx_word' id='word_1_127' title='bbox 691 1449 939 1502; x_wconf 84' lang='lat' dir='ltr'>participium</span> <span class='ocrx_word' id='word_1_128' title='bbox 967 1444 1223 1499; x_wconf 79' lang='grc' dir='ltr'><em>δηθύνοντος</em></span> <span class='ocrx_word' id='word_1_129' title='bbox 1249 1447 1386 1488; x_wconf 91' lang='lat' dir='ltr'>docere</span> <span class='ocrx_word' id='word_1_130' title='bbox 1413 1451 1577 1499; x_wconf 87' lang='lat' dir='ltr'>poterat.</span> <span class='ocrx_word' id='word_1_131' title='bbox 1633 1447 1733 1496; x_wconf 86' lang='lat' dir='ltr'>Quid</span> <span class='ocrx_word' id='word_1_132' title='bbox 1758 1461 1848 1488; x_wconf 81' lang='lat' dir='ltr'>vero</span> <span class='ocrx_word' id='word_1_133' title='bbox 1875 1449 1940 1488; x_wconf 82' lang='lat' dir='ltr'>P?</span> <span class='ocrx_word' id='word_1_134' title='bbox 1973 1449 2011 1489; x_wconf 89' lang='lat' dir='ltr'>Is</span> <span class='ocrx_word' id='word_1_135' title='bbox 2038 1450 2079 1490; x_wconf 91' lang='lat' dir='ltr'>in</span> <span class='ocrx_word' id='word_1_136' title='bbox 2104 1449 2166 1490; x_wconf 87' lang='lat' dir='ltr'>fol.</span> <span class='ocrx_word' id='word_1_137' title='bbox 2195 1451 2267 1490; x_wconf 68' lang='lat'>87¹&gt;</span> <span class='ocrx_word' id='word_1_138' title='bbox 2294 1452 2371 1492; x_wconf 91' lang='lat' dir='ltr'>imo</span> 
     </span>
     <span class='ocr_line' id='line_1_16' title="bbox 336 1521 2370 1574; baseline 0 -9"><span class='ocrx_word' id='word_1_139' title='bbox 336 1530 377 1565; x_wconf 88' lang='lat' dir='ltr'>et</span> <span class='ocrx_word' id='word_1_140' title='bbox 402 1525 464 1565; x_wconf 87' lang='lat' dir='ltr'>fol.</span> <span class='ocrx_word' id='word_1_141' title='bbox 492 1526 565 1565; x_wconf 83' lang='lat'>88·</span> <span class='ocrx_word' id='word_1_142' title='bbox 593 1537 739 1564; x_wconf 93' lang='lat' dir='ltr'>summo</span> <span class='ocrx_word' id='word_1_143' title='bbox 765 1525 835 1564; x_wconf 89' lang='lat' dir='ltr'>hos</span> <span class='ocrx_word' id='word_1_144' title='bbox 858 1523 1024 1574; x_wconf 84' lang='lat' dir='ltr'>praebet</span> <span class='ocrx_word' id='word_1_145' title='bbox 1057 1535 1149 1562; x_wconf 90' lang='lat' dir='ltr'>sane</span> <span class='ocrx_word' id='word_1_146' title='bbox 1186 1525 1278 1561; x_wconf 87' lang='lat' dir='ltr'>nota</span> <span class='ocrx_word' id='word_1_147' title='bbox 1309 1521 1393 1572; x_wconf 89' lang='lat' dir='ltr'>jam</span> <span class='ocrx_word' id='word_1_148' title='bbox 1430 1522 1579 1561; x_wconf 88' lang='lat' dir='ltr'>ratione</span> <span class='ocrx_word' id='word_1_149' title='bbox 1606 1522 1805 1562; x_wconf 85' lang='lat' dir='ltr'>mutilatos</span> <span class='ocrx_word' id='word_1_150' title='bbox 1832 1536 1966 1563; x_wconf 85' lang='lat' dir='ltr'>versus</span> <span class='ocrx_word' id='word_1_151' title='bbox 1994 1525 2281 1565; x_wconf 81' lang='lat' dir='ltr'>accuratissime</span> <span class='ocrx_word' id='word_1_152' title='bbox 2308 1525 2370 1565; x_wconf 91' lang='lat' dir='ltr'>hic</span> 
     </span>
     <span class='ocr_line' id='line_1_17' title="bbox 336 1600 569 1651; baseline -0.004 -12"><span class='ocrx_word' id='word_1_153' title='bbox 336 1600 569 1651; x_wconf 85' lang='lat' dir='ltr'>descriptos:</span> 
     </span>
     <span class='ocr_line' id='line_1_18' title="bbox 780 1667 1703 1724; baseline -0.003 -12"><span class='ocrx_word' id='word_1_154' title='bbox 780 1674 959 1713; x_wconf 84' lang='grc' dir='ltr'><em>νείκεσσί</em></span> <span class='ocrx_word' id='word_1_155' title='bbox 982 1667 1017 1711; x_wconf 81' lang='grc' dir='ltr'>δ’</span> <span class='ocrx_word' id='word_1_156' title='bbox 1045 1667 1297 1724; x_wconf 85' lang='grc' dir='ltr'><em>άγριόθυμον</em></span> <span class='ocrx_word' id='word_1_157' title='bbox 1325 1670 1602 1722; x_wconf 84' lang='grc' dir='ltr'><em>έπεσβολίησιν</em></span> <span class='ocrx_word' id='word_1_158' title='bbox 1630 1667 1703 1722; x_wconf 83' lang='grc' dir='ltr'>άήτ</span> 
     </span>
     <span class='ocr_line' id='line_1_19' title="bbox 776 1740 1705 1798; baseline -0.001 -13"><span class='ocrx_word' id='word_1_159' title='bbox 776 1743 852 1798; x_wconf 81' lang='grc' dir='ltr'>ἤδη</span> <span class='ocrx_word' id='word_1_160' title='bbox 879 1742 955 1797; x_wconf 81' lang='grc' dir='ltr'><em>γὰρ</em></span> <span class='ocrx_word' id='word_1_161' title='bbox 983 1745 1198 1798; x_wconf 85' lang='grc' dir='ltr'><em>φθιμένοιο</em></span> <span class='ocrx_word' id='word_1_162' title='bbox 1224 1759 1301 1797; x_wconf 90' lang='grc' dir='ltr'>μορ</span> <span class='ocrx_word' id='word_1_163' title='bbox 1329 1748 1479 1784; x_wconf 86' lang='grc' dir='ltr'><em>θεσπισ</em></span> <span class='ocrx_word' id='word_1_164' title='bbox 1506 1740 1705 1796; x_wconf 80' lang='grc' dir='ltr'><em>λεάνδρου</em></span> 
     </span>
     <span class='ocr_line' id='line_1_20' title="bbox 778 1817 1726 1873; baseline -0.001 -12"><span class='ocrx_word' id='word_1_165' title='bbox 778 1822 897 1861; x_wconf 81' lang='grc' dir='ltr'><em>εἰσέτι</em></span> <span class='ocrx_word' id='word_1_166' title='bbox 925 1820 1173 1873; x_wconf 81' lang='grc' dir='ltr'><em>δηθμέοντος</em></span> <span class='ocrx_word' id='word_1_167' title='bbox 1201 1817 1518 1871; x_wconf 84' lang='grc' dir='ltr'><em>ἐπαγρύπνοισιν</em></span> <span class='ocrx_word' id='word_1_168' title='bbox 1545 1817 1726 1867; x_wconf 83' lang='grc' dir='ltr'><em>ὀπωπαῖς</em></span> 
     </span>
     <span class='ocr_line' id='line_1_21' title="bbox 775 1891 1795 1947; baseline -0.001 -11"><span class='ocrx_word' id='word_1_169' title='bbox 775 1897 913 1936; x_wconf 79' lang='grc' dir='ltr'><em>ἵστατο</em></span> <span class='ocrx_word' id='word_1_170' title='bbox 940 1898 1190 1947; x_wconf 84' lang='grc' dir='ltr'><em>κυμαίνουσα</em></span> <span class='ocrx_word' id='word_1_171' title='bbox 1217 1891 1554 1936; x_wconf 84' lang='grc' dir='ltr'><em>πολυκλαύστοισι</em></span> <span class='ocrx_word' id='word_1_172' title='bbox 1580 1899 1795 1947; x_wconf 81' lang='grc' dir='ltr'><em>μερίμναις.</em></span> 
     </span>
     <span class='ocr_line' id='line_1_22' title="bbox 335 1968 2372 2023; baseline 0.002 -12"><span class='ocrx_word' id='word_1_173' title='bbox 335 1971 480 2012; x_wconf 90' lang='lat' dir='ltr'>Versus</span> <span class='ocrx_word' id='word_1_174' title='bbox 515 1983 539 2011; x_wconf 88' lang='lat' dir='ltr'>a</span> <span class='ocrx_word' id='word_1_175' title='bbox 573 1970 729 2011; x_wconf 84' lang='lat' dir='ltr'>Musaeo</span> <span class='ocrx_word' id='word_1_176' title='bbox 763 1970 846 2022; x_wconf 91' lang='lat' dir='ltr'>ipso</span> <span class='ocrx_word' id='word_1_177' title='bbox 881 1968 1072 2023; x_wconf 87' lang='lat' dir='ltr'>profectos</span> <span class='ocrx_word' id='word_1_178' title='bbox 1105 1968 1363 2021; x_wconf 80' lang='lat' dir='ltr'>facillimeque</span> <span class='ocrx_word' id='word_1_179' title='bbox 1400 1968 1656 2010; x_wconf 85' lang='lat' dir='ltr'>emendandos</span> <span class='ocrx_word' id='word_1_180' title='bbox 1691 1983 1761 2010; x_wconf 89' lang='lat' dir='ltr'>nec</span> <span class='ocrx_word' id='word_1_181' title='bbox 1798 1974 1928 2011; x_wconf 89' lang='lat' dir='ltr'>tamen</span> <span class='ocrx_word' id='word_1_182' title='bbox 1962 1970 2065 2023; x_wconf 85' lang='lat' dir='ltr'>ipsos</span> <span class='ocrx_word' id='word_1_183' title='bbox 2101 1975 2227 2013; x_wconf 87' lang='lat' dir='ltr'>totam</span> <span class='ocrx_word' id='word_1_184' title='bbox 2263 1972 2372 2015; x_wconf 84' lang='lat' dir='ltr'>lacu-</span> 
     </span>
     <span class='ocr_line' id='line_1_23' title="bbox 336 2044 2372 2098; baseline 0.001 -12"><span class='ocrx_word' id='word_1_185' title='bbox 336 2060 428 2086; x_wconf 86' lang='lat' dir='ltr'>nam</span> <span class='ocrx_word' id='word_1_186' title='bbox 454 2047 606 2098; x_wconf 86' lang='lat' dir='ltr'>explere</span> <span class='ocrx_word' id='word_1_187' title='bbox 633 2047 700 2085; x_wconf 90' lang='lat' dir='ltr'>sed</span> <span class='ocrx_word' id='word_1_188' title='bbox 726 2046 883 2096; x_wconf 86' lang='lat' dir='ltr'>majoris</span> <span class='ocrx_word' id='word_1_189' title='bbox 903 2046 1021 2084; x_wconf 87' lang='lat' dir='ltr'>etiam</span> <span class='ocrx_word' id='word_1_190' title='bbox 1045 2045 1223 2096; x_wconf 84' lang='lat' dir='ltr'>jacturae</span> <span class='ocrx_word' id='word_1_191' title='bbox 1247 2044 1431 2083; x_wconf 91' lang='lat' dir='ltr'>indicium</span> <span class='ocrx_word' id='word_1_192' title='bbox 1457 2044 1651 2084; x_wconf 88' lang='lat' dir='ltr'>continere</span> <span class='ocrx_word' id='word_1_193' title='bbox 1677 2056 1789 2084; x_wconf 91' lang='lat' dir='ltr'>nemo</span> <span class='ocrx_word' id='word_1_194' title='bbox 1811 2044 2019 2096; x_wconf 88' lang='lat' dir='ltr'>negaverit.</span> <span class='ocrx_word' id='word_1_195' title='bbox 2075 2044 2190 2087; x_wconf 76' lang='lat' dir='ltr'>Patet</span> <span class='ocrx_word' id='word_1_196' title='bbox 2218 2046 2372 2088; x_wconf 86' lang='lat' dir='ltr'>collatis</span> 
     </span>
     <span class='ocr_line' id='line_1_24' title="bbox 337 2118 2371 2171; baseline 0 -10"><span class='ocrx_word' id='word_1_197' title='bbox 337 2135 372 2160; x_wconf 72' lang='lat' dir='ltr'>V.</span> <span class='ocrx_word' id='word_1_198' title='bbox 386 2122 464 2161; x_wconf 81' lang='lat'>256</span> <span class='ocrx_word' id='word_1_199' title='bbox 474 2134 554 2171; x_wconf 92' lang='lat' dir='ltr'>sqq.</span> <span class='ocrx_word' id='word_1_200' title='bbox 581 2125 668 2171; x_wconf 89' lang='lat' dir='ltr'>post</span> <span class='ocrx_word' id='word_1_201' title='bbox 693 2134 726 2159; x_wconf 87' lang='lat' dir='ltr'>v.</span> <span class='ocrx_word' id='word_1_202' title='bbox 742 2120 831 2165; x_wconf 79' lang='lat'><strong>329,</strong></span> <span class='ocrx_word' id='word_1_203' title='bbox 859 2132 934 2169; x_wconf 94' lang='lat' dir='ltr'>quo</span> <span class='ocrx_word' id='word_1_204' title='bbox 960 2119 1008 2157; x_wconf 86' lang='lat' dir='ltr'>de</span> <span class='ocrx_word' id='word_1_205' title='bbox 1032 2118 1261 2157; x_wconf 90' lang='lat' dir='ltr'>Leandro</span> <span class='ocrx_word' id='word_1_206' title='bbox 1288 2119 1505 2157; x_wconf 88' lang='lat' dir='ltr'>intereunte</span> <span class='ocrx_word' id='word_1_207' title='bbox 1532 2118 1704 2156; x_wconf 88' lang='lat' dir='ltr'>narratio</span> <span class='ocrx_word' id='word_1_208' title='bbox 1732 2118 2045 2166; x_wconf 90' lang='lat' dir='ltr'>concludebatur,</span> <span class='ocrx_word' id='word_1_209' title='bbox 2068 2119 2152 2170; x_wconf 75' lang='lat' dir='ltr'>Jam</span> <span class='ocrx_word' id='word_1_210' title='bbox 2176 2121 2226 2160; x_wconf 84' lang='lat' dir='ltr'>ad</span> <span class='ocrx_word' id='word_1_211' title='bbox 2240 2121 2371 2162; x_wconf 86' lang='lat' dir='ltr'>Herus</span> 
     </span>
     <span class='ocr_line' id='line_1_25' title="bbox 338 2192 1250 2243; baseline -0.005 -7"><span class='ocrx_word' id='word_1_212' title='bbox 338 2199 481 2237; x_wconf 87' lang='lat' dir='ltr'>sortem</span> <span class='ocrx_word' id='word_1_213' title='bbox 507 2194 580 2235; x_wconf 90' lang='lat' dir='ltr'>hoc</span> <span class='ocrx_word' id='word_1_214' title='bbox 605 2193 685 2235; x_wconf 83' lang='lat' dir='ltr'>fere</span> <span class='ocrx_word' id='word_1_215' title='bbox 711 2192 823 2234; x_wconf 93' lang='lat' dir='ltr'>modo</span> <span class='ocrx_word' id='word_1_216' title='bbox 849 2192 1045 2234; x_wconf 86' lang='lat' dir='ltr'>transiisse</span> <span class='ocrx_word' id='word_1_217' title='bbox 1073 2193 1250 2243; x_wconf 67' lang='lat' dir='ltr'>potitam:</span> 
     </span>
     <span class='ocr_line' id='line_1_26' title="bbox 645 2261 1877 2320; baseline -0.002 -12"><span class='ocrx_word' id='word_1_218' title='bbox 645 2264 770 2320; x_wconf 78' lang='grc' dir='ltr'>Ἡρώ</span> <span class='ocrx_word' id='word_1_219' title='bbox 798 2263 832 2307; x_wconf 78' lang='grc' dir='ltr'>δ’</span> <span class='ocrx_word' id='word_1_220' title='bbox 858 2263 1132 2319; x_wconf 81' lang='grc' dir='ltr'><em>ἠλιβάτοιο</em></span> <span class='ocrx_word' id='word_1_221' title='bbox 1160 2262 1463 2318; x_wconf 84' lang='grc' dir='ltr'><em>φαεσφόρος</em></span> <span class='ocrx_word' id='word_1_222' title='bbox 1489 2261 1648 2313; x_wconf 81' lang='grc' dir='ltr'><em>ὑψόθι</em></span> <span class='ocrx_word' id='word_1_223' title='bbox 1676 2262 1877 2318; x_wconf 83' lang='grc' dir='ltr'><em>πύργου</em></span> 
     </span>
     <span class='ocr_line' id='line_1_27' title="bbox 654 2336 2002 2392; baseline 0.001 -12"><span class='ocrx_word' id='word_1_224' title='bbox 654 2338 920 2380; x_wconf 80' lang='grc' dir='ltr'><em>πάντοθεν</em></span> <span class='ocrx_word' id='word_1_225' title='bbox 948 2339 1299 2392; x_wconf 82' lang='grc' dir='ltr'><em>ἐγρομένῃσιν</em></span> <span class='ocrx_word' id='word_1_226' title='bbox 1327 2340 1577 2378; x_wconf 79' lang='grc' dir='ltr'><em>ἐπέσκεπε</em></span> <span class='ocrx_word' id='word_1_227' title='bbox 1605 2341 1767 2392; x_wconf 78' lang='grc' dir='ltr'><em>φᾶρος</em></span> <span class='ocrx_word' id='word_1_228' title='bbox 1795 2336 2002 2389; x_wconf 83' lang='grc' dir='ltr'><em>ἀέλλαις</em></span> 
     </span>
     <span class='ocr_line' id='line_1_28' title="bbox 656 2411 2008 2469; baseline 0.001 -13"><span class='ocrx_word' id='word_1_229' title='bbox 656 2412 903 2467; x_wconf 78' lang='grc' dir='ltr'><em>ἀγγελίην</em></span> <span class='ocrx_word' id='word_1_230' title='bbox 930 2413 1144 2466; x_wconf 84' lang='grc' dir='ltr'><em>λύχνοιο</em></span> <span class='ocrx_word' id='word_1_231' title='bbox 1171 2411 1335 2465; x_wconf 80' lang='grc' dir='ltr'><em>μάτην</em></span> <span class='ocrx_word' id='word_1_232' title='bbox 1361 2411 1663 2453; x_wconf 82' lang='grc' dir='ltr'><em>σπεύδουσα</em></span> <span class='ocrx_word' id='word_1_233' title='bbox 1693 2412 2008 2469; x_wconf 78' lang='grc' dir='ltr'><em>φυλάσσειν,</em></span> 
     </span>
     <span class='ocr_line' id='line_1_29' title="bbox 654 2486 1647 2542; baseline -0.005 -9"><span class='ocrx_word' id='word_1_234' title='bbox 654 2495 823 2533; x_wconf 87' lang='grc' dir='ltr'><em>νείκεσε</em></span> <span class='ocrx_word' id='word_1_235' title='bbox 850 2488 885 2531; x_wconf 81' lang='grc' dir='ltr'>δ’</span> <span class='ocrx_word' id='word_1_236' title='bbox 914 2487 1163 2542; x_wconf 83' lang='grc' dir='ltr'><em>άγριόθυμον</em></span> <span class='ocrx_word' id='word_1_237' title='bbox 1189 2489 1468 2540; x_wconf 81' lang='grc' dir='ltr'><em>ε’πεσβολίῃσιν</em></span> <span class='ocrx_word' id='word_1_238' title='bbox 1496 2486 1600 2539; x_wconf 77' lang='grc' dir='ltr'><em>ἀήτη</em></span> <span class='ocrx_word' id='word_1_239' title='bbox 1611 2504 1647 2529; x_wconf 89' lang='grc' dir='ltr'><em>ν·</em></span> 
     </span>
     <span class='ocr_line' id='line_1_30' title="bbox 656 2559 1730 2620; baseline -0.004 -12"><span class='ocrx_word' id='word_1_240' title='bbox 656 2561 732 2620; x_wconf 78' lang='grc' dir='ltr'>ἤδη</span> <span class='ocrx_word' id='word_1_241' title='bbox 759 2561 836 2619; x_wconf 75' lang='grc' dir='ltr'><em>γὰρ</em></span> <span class='ocrx_word' id='word_1_242' title='bbox 864 2564 1077 2619; x_wconf 76' lang='grc' dir='ltr'><em>φθιμένοιο</em></span> <span class='ocrx_word' id='word_1_243' title='bbox 1103 2559 1247 2618; x_wconf 85' lang='grc' dir='ltr'><em>μόρον</em></span> <span class='ocrx_word' id='word_1_244' title='bbox 1274 2562 1489 2605; x_wconf 83' lang='grc' dir='ltr'><em>θέσπισσε</em></span> <span class='ocrx_word' id='word_1_245' title='bbox 1516 2559 1730 2617; x_wconf 80' lang='grc' dir='ltr'><em>Λεάνδρου</em></span> 
     </span>
     <span class='ocr_line' id='line_1_31' title="bbox 654 2633 1727 2692; baseline -0.003 -10"><span class='ocrx_word' id='word_1_246' title='bbox 654 2635 774 2682; x_wconf 79' lang='grc' dir='ltr'><em>εἰσέτι</em></span> <span class='ocrx_word' id='word_1_247' title='bbox 799 2636 1092 2692; x_wconf 79' lang='grc' dir='ltr'><em>δηθύνοντος·</em></span> <span class='ocrx_word' id='word_1_248' title='bbox 1121 2635 1178 2680; x_wconf 81' lang='grc' dir='ltr'>ἐπ’</span> <span class='ocrx_word' id='word_1_249' title='bbox 1208 2635 1458 2692; x_wconf 79' lang='grc' dir='ltr'><em>ἀγρύπνοισι</em></span> <span class='ocrx_word' id='word_1_250' title='bbox 1485 2634 1518 2680; x_wconf 83' lang='grc' dir='ltr'>δ’</span> <span class='ocrx_word' id='word_1_251' title='bbox 1547 2633 1727 2688; x_wconf 83' lang='grc' dir='ltr'><em>ὀπωπαῖς</em></span> 
     </span>
     <span class='ocr_line' id='line_1_32' title="bbox 655 2710 1646 2773; baseline 0 -20"><span class='ocrx_word' id='word_1_252' title='bbox 655 2716 792 2754; x_wconf 81' lang='grc' dir='ltr'><em>ἵστατο</em></span> <span class='ocrx_word' id='word_1_253' title='bbox 818 2717 1067 2773; x_wconf 62' lang='grc' dir='ltr'><em>πυμαίνουσα</em></span> <span class='ocrx_word' id='word_1_254' title='bbox 1094 2710 1404 2753; x_wconf 84' lang='grc' dir='ltr'><em>πολυκλαύτοισι</em></span> <span class='ocrx_word' id='word_1_255' title='bbox 1430 2715 1646 2766; x_wconf 87' lang='grc' dir='ltr'><em>μερίμναις.</em></span> 
     </span>
     <span class='ocr_line' id='line_1_33' title="bbox 337 2789 2369 2842; baseline 0 -13"><span class='ocrx_word' id='word_1_256' title='bbox 337 2791 422 2830; x_wconf 91' lang='lat' dir='ltr'>Hoc</span> <span class='ocrx_word' id='word_1_257' title='bbox 439 2790 551 2829; x_wconf 92' lang='lat' dir='ltr'>modo</span> <span class='ocrx_word' id='word_1_258' title='bbox 568 2794 773 2840; x_wconf 85' lang='lat' dir='ltr'>postquam</span> <span class='ocrx_word' id='word_1_259' title='bbox 800 2789 940 2828; x_wconf 90' lang='lat' dir='ltr'>codicis</span> <span class='ocrx_word' id='word_1_260' title='bbox 953 2790 1074 2829; x_wconf 84' lang='lat' dir='ltr'>nostri</span> <span class='ocrx_word' id='word_1_261' title='bbox 1085 2802 1158 2839; x_wconf 88' lang='lat' dir='ltr'>ope</span> <span class='ocrx_word' id='word_1_262' title='bbox 1175 2802 1356 2828; x_wconf 86' lang='lat' dir='ltr'>mancum</span> <span class='ocrx_word' id='word_1_263' title='bbox 1367 2789 1494 2828; x_wconf 89' lang='lat' dir='ltr'>locum</span> <span class='ocrx_word' id='word_1_264' title='bbox 1511 2790 1791 2839; x_wconf 80' lang='lat' dir='ltr'>suppleveram,</span> <span class='ocrx_word' id='word_1_265' title='bbox 1818 2790 1913 2829; x_wconf 92' lang='lat' dir='ltr'>duos</span> <span class='ocrx_word' id='word_1_266' title='bbox 1927 2790 2013 2829; x_wconf 93' lang='lat' dir='ltr'>illos</span> <span class='ocrx_word' id='word_1_267' title='bbox 2032 2803 2163 2829; x_wconf 85' lang='lat' dir='ltr'>versus</span> <span class='ocrx_word' id='word_1_268' title='bbox 2186 2790 2270 2842; x_wconf 87' lang='lat' dir='ltr'>jam</span> <span class='ocrx_word' id='word_1_269' title='bbox 2284 2792 2369 2830; x_wconf 86' lang='lat' dir='ltr'>aliis</span> 
     </span>
     <span class='ocr_line' id='line_1_34' title="bbox 339 2862 2370 2916; baseline 0.001 -12"><span class='ocrx_word' id='word_1_270' title='bbox 339 2877 388 2904; x_wconf 85' lang='lat' dir='ltr'>ex</span> <span class='ocrx_word' id='word_1_271' title='bbox 414 2862 605 2904; x_wconf 85' lang='lat' dir='ltr'>codicibus</span> <span class='ocrx_word' id='word_1_272' title='bbox 631 2862 802 2915; x_wconf 78' lang='lat' dir='ltr'>prolatos</span> <span class='ocrx_word' id='word_1_273' title='bbox 828 2862 895 2903; x_wconf 89' lang='lat' dir='ltr'>sed</span> <span class='ocrx_word' id='word_1_274' title='bbox 921 2863 971 2904; x_wconf 85' lang='lat' dir='ltr'>ab</span> <span class='ocrx_word' id='word_1_275' title='bbox 997 2862 1206 2904; x_wconf 85' lang='lat' dir='ltr'>editoribus</span> <span class='ocrx_word' id='word_1_276' title='bbox 1232 2862 1509 2904; x_wconf 85' lang='lat' dir='ltr'>incredibiliter</span> <span class='ocrx_word' id='word_1_277' title='bbox 1534 2864 1730 2915; x_wconf 86' lang='lat' dir='ltr'>neglectos</span> <span class='ocrx_word' id='word_1_278' title='bbox 1757 2877 1841 2904; x_wconf 91' lang='lat' dir='ltr'>esse</span> <span class='ocrx_word' id='word_1_279' title='bbox 1868 2866 2046 2916; x_wconf 81' lang='lat' dir='ltr'>cognovi3</span> <span class='ocrx_word' id='word_1_280' title='bbox 2082 2879 2130 2905; x_wconf 88' lang='lat' dir='ltr'>en</span> <span class='ocrx_word' id='word_1_281' title='bbox 2156 2866 2370 2906; x_wconf 88' lang='lat' dir='ltr'>Heinrichii</span> 
     </span>
    </p>
   </div>
   <div class='ocr_carea' id='block_1_3' title="bbox 338 2937 2368 3036">
    <p class='ocr_par' dir='ltr' id='par_1_3' title="bbox 338 2937 2368 3036">
     <span class='ocr_line' id='line_1_35' title="bbox 338 2937 2368 2990; baseline 0.001 -13"><span class='ocrx_word' id='word_1_282' title='bbox 338 2938 390 2978; x_wconf 86' lang='lat' dir='ltr'>ad</span> <span class='ocrx_word' id='word_1_283' title='bbox 416 2952 449 2977; x_wconf 89' lang='lat' dir='ltr'>v.</span> <span class='ocrx_word' id='word_1_284' title='bbox 466 2938 543 2977; x_wconf 82' lang='lat'>329</span> <span class='ocrx_word' id='word_1_285' title='bbox 569 2937 873 2977; x_wconf 85' lang='lat' dir='ltr'>adnotationem:</span> <span class='ocrx_word' id='word_1_286' title='bbox 901 2938 1036 2984; x_wconf 90' lang='lat' dir='ltr'>„Hunc</span> <span class='ocrx_word' id='word_1_287' title='bbox 1053 2951 1150 2977; x_wconf 87' lang='lat' dir='ltr'>vers.</span> <span class='ocrx_word' id='word_1_288' title='bbox 1176 2938 1217 2976; x_wconf 92' lang='lat' dir='ltr'>in</span> <span class='ocrx_word' id='word_1_289' title='bbox 1234 2937 1349 2977; x_wconf 91' lang='lat' dir='ltr'>Codd.</span> <span class='ocrx_word' id='word_1_290' title='bbox 1376 2937 1501 2977; x_wconf 83' lang='lat' dir='ltr'>Vatic.</span> <span class='ocrx_word' id='word_1_291' title='bbox 1518 2941 1558 2976; x_wconf 89' lang='lat' dir='ltr'>et</span> <span class='ocrx_word' id='word_1_292' title='bbox 1571 2937 1666 2977; x_wconf 89' lang='lat' dir='ltr'>Ven.</span> <span class='ocrx_word' id='word_1_293' title='bbox 1692 2939 1887 2990; x_wconf 87' lang='lat' dir='ltr'>excipiunt</span> <span class='ocrx_word' id='word_1_294' title='bbox 1913 2938 1989 2978; x_wconf 92' lang='lat' dir='ltr'>duo</span> <span class='ocrx_word' id='word_1_295' title='bbox 2015 2938 2116 2978; x_wconf 90' lang='lat' dir='ltr'>hunc</span> <span class='ocrx_word' id='word_1_296' title='bbox 2135 2940 2175 2979; x_wconf 92' lang='lat' dir='ltr'>in</span> <span class='ocrx_word' id='word_1_297' title='bbox 2192 2939 2368 2980; x_wconf 84' lang='lat' dir='ltr'>modum:</span> 
     </span>
     <span class='ocr_line' id='line_1_36' title="bbox 2081 3004 2136 3036; baseline 0 0"><span class='ocrx_word' id='word_1_298' title='bbox 2081 3004 2136 3036; x_wconf 91' lang='lat'>111</span> 
     </span>
    </p>
   </div>
  </div>
 </body>
</html>
