2692 3515
1205 355 1525 393 —XXV—

349 481 426 519 que
441 468 680 516 excitaverit,
706 468 862 520 longum
876 473 935 509 est
951 471 1151 521 persequi3
1176 471 1269 511 mihi
1283 472 1438 522 quidem
1456 476 1516 512 tot
1534 473 1778 523 egregiorum
1798 473 1968 512 virorum
1994 472 2191 513 laboribus
2216 475 2256 513 in
2274 488 2390 515 usum

344 544 492 584 vocatis
515 544 600 594 jam
627 558 689 583 res
717 558 762 585 eo
788 545 953 585 deducta
979 545 1141 592 videtur,
1169 551 1212 585 ut
1239 560 1285 586 ea
1303 548 1589 597 probabilitate,
1618 548 1669 587 ad
1687 561 1805 597 quam
1832 550 1872 587 in
1888 549 2076 598 ejusmodi
2094 551 2372 598 quaestionibu

343 617 498 658 omnino
525 616 636 658 evadi
662 622 809 670 potest,
844 632 976 659 omnes
1003 608 1250 660 difficultates
1284 620 1411 671 disjici
1445 621 1603 672 possint.
1658 622 1858 662 Ranarum
1890 622 2064 663 fabulam
2099 637 2238 665 scenae
2285 638 2389 665 com-

343 691 503 732 missam
532 704 614 732 esse
642 693 796 733 scimus:
832 705 920 732 cum
955 693 1123 744 primum
1153 694 1316 734 Lenaeis
1344 693 1402 733 Ol.
1430 694 1493 741 93,
1520 705 1540 738 3
1572 694 1772 744 ederetur,
1805 696 1893 737 inde
1924 709 1949 738 a
1976 710 2009 737 v,
2041 697 2142 738 1417
2176 698 2272 740 haec
2298 710 2388 750 pro-

342 766 638 806 nuntiabantur:

599 844 754 879 AION.
791 835 1079 891 εὐδαιμονοιής.
1109 840 1221 890 φέρε,
1249 837 1442 878 πύθεσθέ
1465 855 1544 890 μου
1571 843 1678 881 ταδί·

788 910 864 966 ἐγώ
891 897 1096 966 κατῆλθον
1123 912 1187 954 ἐπὶ
1216 908 1394 964 ποιητήν.
1425 915 1604 955 ΕΤΡΙΠ.
1632 916 1705 955 τοῦ
1732 914 1869 968 χάρινς

598 990 751 1028 ΔΙΟΝ.
788 982 838 1027 ἵν’
867 983 891 1040 ἡ
919 983 1032 1036 πόλις
1059 992 1240 1027 σωθεῖσα
1267 982 1362 1033 τοὺς
1389 984 1533 1038 χοροὺς
1560 984 1653 1042 ἄγῃ·

787 1057 976 1112 ὁπότερος
1003 1054 1079 1100 οὖν
1107 1058 1160 1100 ἂν
1187 1061 1235 1113 τῇ
1264 1057 1377 1099 πόλει
1404 1061 1661 1111 παραινέσειν
2088 1069 2191 1108 1420

785 1135 907 1188 μέλλῃ
935 1152 971 1176 τι
998 1132 1185 1188 χρηστόν,
1213 1134 1360 1174 τοῦτον
1387 1129 1496 1183 ἄξειν
1524 1150 1591 1187 μοι
1618 1137 1734 1177 dom-5.

788 1211 948 1263 πρῶτον
975 1209 1049 1264 μὲν
1078 1202 1153 1249 οὖν
1182 1209 1273 1262 περὶ
1298 1206 1549 1262 Ἀλκιβιάδου
1576 1207 1648 1250 τίν’
1679 1214 1814 1263 ἔχετον

783 1282 948 1336 γνώμην
976 1281 1180 1335 ἑκάτεροςς
1209 1280 1233 1335 ἡ
1262 1280 1376 1330 πόλις
1403 1281 1480 1335 γὰρ
1509 1286 1704 1325 δυστοκεῖ.

568 1360 747 1399 ΕΥΡΙΠ.
783 1360 860 1410 ἔχει
888 1357 1051 1410 δὲ’περὶ
1079 1353 1207 1397 αὐτοῦ
1234 1360 1325 1397 τίνα
1352 1354 1538 1411 γνώμηνς
1567 1362 1723 1399 ΔΙΟΝ.
1753 1361 1864 1409 τίνα;

786 1438 911 1470 ποθεῖ
934 1433 1022 1483 μέν,
1052 1432 1231 1482 ἐχθαίρει
1260 1433 1318 1481 δέ,
1346 1430 1532 1482 βούλεται
1559 1429 1594 1471 δ’
1623 1436 1738 1484 ἔχειν.
2092 1437 2192 1475 1425

783 1503 864 1545 ἀλλ’
894 1503 920 1544 ὅ
946 1522 983 1545 τι
1011 1515 1181 1555 νοεῖτον,
1210 1511 1374 1545 εἴπατον
1402 1505 1548 1545 τούτου
1576 1508 1676 1558 πέρι.

566 1584 744 1620 ΕΤΡΙΠ.
782 1581 886 1632 μισῶ
914 1584 1094 1631 πολίτην,
1123 1578 1230 1628 ὅστις
1258 1578 1429 1632 ὠφελεῖν
1456 1578 1614 1633 πάτραν

783 1650 938 1707 βραδὺς
966 1655 1135 1707 πέφυκε,
1162 1651 1313 1708 μεγάλα
1341 1653 1384 1696 δὲ
1411 1651 1605 1707 βλάπτειν
1627 1653 1760 1708 ταχύς,

782 1729 850 1769 καὶ
878 1726 1050 1782 πόριμον
1079 1726 1200 1785 αὐτῷ,
1228 1730 1277 1783 τῇ
1304 1727 1416 1770 πόλει
1443 1727 1477 1769 6⁰
1507 1726 1723 1783 ἀμήχανον.

592 1808 745 1844 ΔΙΟΝ.
784 1797 831 1844 εὖ
859 1801 907 1856 γ’,
936 1797 969 1843 ὦ
995 1788 1207 1844 Πόσειδον.
1237 1801 1289 1844 σύ
1317 1805 1361 1843 δὲ
1389 1807 1479 1844 τίνα
1507 1803 1673 1857 γνώμην
1701 1808 1821 1857 ἔχεις;
2085 1809 2188 1847 1430

591 1883 738 1918 ΑΙΣΧ.
780 1875 830 1918 οὐ
858 1875 931 1930 χρὴ
961 1879 1123 1926 λέοντος
1150 1877 1331 1930 σκύμνον
1359 1879 1404 1918 ἐν
1432 1876 1543 1919 πόλει
1567 1880 1744 1931 τρέφειν·

780 1947 832 2004 ἦν
860 1949 894 1994 δ’
925 1952 1105 2006 ἐκτραφῇ
1132 1970 1201 2004 τις,
1228 1962 1310 2001 τοῖς
1336 1950 1499 2004 τρόποις
1527 1949 1751 2005 ὑπηρετεῖν.
2084 1956 2187 1996 1432

591 2030 742 2067 ΔΙΟΝ.
781 2024 831 2079 νὴ
860 2024 932 2067 τὸν
960 2030 1040 2067 Διά
1068 2024 1139 2067 τὸν
1167 2028 1352 2080 Σωτῆρα,
1382 2029 1603 2080 δυσκρίτως
1630 2024 1664 2080 γ’
1693 2030 1778 2080 ἔχω.

778 2097 799 2140 ὁ
827 2100 901 2153 μὲν
928 2101 1064 2153 σοφῶς
1090 2098 1165 2153 γὰρ
1194 2099 1320 2152 εἶπεν,
1349 2098 1370 2140 ὁ
1399 2098 1433 2141 δ’
1463 2102 1596 2155 ἔτερος
1623 2102 1772 2153 σαφῶς.

781 2173 860 2214 ἀλλ’
890 2178 946 2214 ἔτι
972 2179 1068 2226 μιάν
1095 2174 1261 2226 γνώμην
1289 2175 1473 2226 ἑκάτερος
1502 2182 1664 2215 εἴπατον
2083 2180 2185 2216 1435

783 2249 872 2301 περὶ
899 2249 965 2300 τῆς
993 2246 1142 2295 πόλεως
1170 2245 1293 2300 ἥντιν’
1323 2252 1461 2301 ἔχε-τον
1490 2252 1698 2300 σωτηρίαν.

582 2326 765 2365 ΕΤΡΙΠ.
804 2319 880 2374 ε’γώ
907 2324 980 2374 μὲν
1007 2321 1096 2363 οἶδα
1124 2323 1188 2363 καὶ
1218 2324 1328 2364 θέλω
1357 2321 1531 2374 φράζειν.
1571 2327 1725 2363 ΔΙΟΝ.
1766 2323 1868 2374 λέγε.
2080 2328 2184 2367 1442

579 2403 758 2439 ΕΤΡΙΠ.
796 2397 869 2450 τὴν
895 2400 969 2449 γῆν
997 2395 1093 2438 ὅταν
1120 2403 1315 2449 νομίσωσι
1342 2397 1415 2448 τὴν
1443 2399 1526 2438 τῶν
1555 2402 1759 2449 πολεμίων
2082 2403 2185 2441 1463

782 2470 882 2513 εἶναι
908 2473 1119 2525 σφετέραν,
1147 2469 1221 2524 τὴν
1249 2470 1293 2512 δὲ
1322 2471 1523 2524 σφετέραν
1550 2472 1632 2512 τῶν
1660 2476 1880 2526 πολεμίων,

781 2544 907 2599 πόρον
935 2547 978 2588 δὲ
1005 2544 1074 2595 τὰς
1100 2547 1212 2596 ναῦς,
1241 2543 1415 2599 ἀπορίαν
1444 2546 1487 2587 δὲ
1516 2544 1587 2587 τὸν
1615 2544 1755 2599 πόρον.

590 2625 744 2662 ΔΙΟΝ.
785 2620 845 2673 εὐ,
874 2619 979 2674 πλήν
1004 2618 1038 2674 γ’
1065 2617 1086 2661 ὁ
1114 2617 1300 2672 δικαστὴς
1327 2617 1429 2661 αὐτὰ
1458 2624 1669 2662 καταπίνει
1696 2618 1831 2674 μόνος.
2084 2625 2187 2664 1466

778 2701 868 2737 τίνα
896 2695 945 2750 δὴ
973 2698 1095 2750 λέγεις
1122 2693 1175 2736 σύ
1202 2696 1259 2750 τῇ
1287 2693 1417 2736 πόλει
1446 2700 1729 2749 σωτηρίαν;
2083 2701 2187 2739 1454

605 2776 748 2811 ΑΙΣΧ
780 2770 878 2811 ὅταν
906 2770 954 2812 τὰ
982 2773 1060 2812 νῦν
1087 2769 1233 2811 ἄπιστα
1262 2767 1373 2811 πίσθ’
1401 2768 1608 2822 ἡγώμεθα,
2083 2775 2185 2813 1443

777 2844 826 2887 τὰ
852 2843 886 2887 δ’
915 2843 1013 2888 ὄντα
1040 2843 1141 2888 πίστ’
1171 2843 1327 2887 ἄπιστα.
1367 2850 1520 2891 ΔΙΟΝ.
1565 2848 1672 2896 πῶςς
1700 2844 1750 2888 οὐ
1777 2845 1990 2899 μανθάνω.

778 2918 1055 2974 ἀμαθέστερόν
1085 2937 1167 2969 πως
1197 2921 1280 2962 εἰπὲ
1307 2922 1372 2961 καὶ
1395 2922 1654 2973 σαφέστερον.
2082 2924 2185 2963 1445

2094 2987 2141 3017 IV
