2692 3515
1264 339 1608 380 -Xxm-

685 456 759 494 179
847 447 896 494 Ὦ
924 452 1015 507 ἄνα,
1044 456 1111 496 καὶ
1138 454 1294 509 Λυκίην
1320 457 1388 497 καὶ
1415 461 1608 511 Μῃονίην
1636 453 1846 509 ἐρατεινὴν

800 530 866 572 καὶ
889 534 1074 584 Μίλητον
1101 533 1211 584 ἔχεις,
1239 534 1392 585 ἔφαλον
1419 529 1537 574 πόλιν
1564 529 1814 586 ἱμερόεσσαν·

801 603 921 655 αὐτὸς
949 603 982 648 δ’
1011 598 1064 648 αὖ
1091 604 1240 660 Δήλοιο
1268 604 1530 661 περικλύστης
1556 604 1638 661 μέγ’
1667 603 1866 655 άνάσσεις.

801 677 945 737 ἣγάρ
973 679 1185 723 πασάων
1210 680 1376 736 μούνη
1404 679 1688 734 ἀνεδέξατο
1711 679 1882 736 νήσων

798 757 989 810 μητέρα
1016 755 1132 810 σήν,
1161 754 1302 809 Λητώ
1322 754 1487 809 Ζηνὸς
1512 754 1709 810 κυδρὴν
1737 754 2073 810 παράκοιτιν,

798 827 950 885 ἡνίκα
978 828 1013 872 σ’
1041 827 1279 873 ὦδίνουσ’
1307 827 1404 872 ἀνὰ
1431 828 1594 880 πάσας
1621 829 1832 882 πλάζετο
1861 829 2055 885 νήσους

797 906 1080 959 λισσομένη
1109 902 1315 955 δέξασθ’
1343 902 1483 957 υἱόν,
1511 902 1600 945 τὸν
1628 908 1811 958 ἔμελλε
1838 906 2110 958 τεκέσθαι,

798 983 849 1021 αἶ’
872 982 929 1021 δέ
953 981 1003 1020 οί
1024 976 1312 1033 ήρνήσαντ’,
1341 976 1503 1030 ἐπειὴ
1531 980 1645 1026 δέος
1673 975 1811 1020 εἷλεν
1838 977 2055 1030 άπάσας,

704 1054 757 1096 30
796 1048 918 1103 ὅσσας
944 1050 1081 1107 Κρήτη
1108 1049 1139 1094 τ’
1169 1048 1282 1101 ἐντὸς
1309 1053 1388 1104 ἔχει
1415 1051 1481 1093 καὶ
1508 1052 1630 1105 δῆμος
1654 1049 1858 1105 Ἀθηνέων

704 1130 756 1169 34
798 1131 963 1182 Θρηικίη
990 1143 1033 1169 τε
1061 1124 1198 1181 Σάμος
1215 1122 1322 1179 Ἴδης
1348 1121 1379 1165 τ’
1409 1121 1504 1179 ὄρεα
1532 1122 1715 1167 σκιόεντα

706 1204 754 1243 31
797 1200 959 1256 νήσους,
988 1204 1135 1254 Αἰγίνη
1162 1198 1416 1253 ναυσικλειτή
1444 1197 1474 1241 τ’
1504 1197 1681 1253 Εὔβοια,

706 1279 756 1318 36
787 1274 946 1330 Ἴμβρος
974 1277 1184 1329 ἐυκτιμένη
1212 1276 1275 1316 καῖ
1306 1276 1468 1328 Λῆμνος
1497 1272 1796 1328 ἀμιχθαλόεσσα

798 1353 954 1404 Λέσβος
981 1348 1011 1392 τ’
1040 1349 1210 1404 ἠγαθέη,
1239 1347 1437 1403 Μάκαρος
1466 1351 1556 1398 ἕδος
1584 1353 1818 1401 Αἰολίωνος,

796 1427 862 1467 καὶ
890 1430 997 1474 Χιός,
1028 1421 1051 1478 ἣ
1078 1423 1217 1478 νήσων
1244 1422 1497 1477 λιπαρωτάτη
1525 1427 1585 1465 εἰν
1612 1421 1677 1464 άλὶ
1705 1433 1842 1476 κεῖται,

704 1503 755 1541 44
795 1499 929 1550 Νάξος
955 1497 985 1541 τ’
1015 1497 1087 1553 ἠδὲ
1114 1497 1264 1553 Πάρος,
1288 1496 1453 1552 Ῥήναιά
1480 1515 1522 1540 τε
1550 1497 1792 1552 πετρήεσσα·

704 1576 754 1616 45
794 1572 941 1616 τόσσον
970 1570 1027 1616 ἔπ’
1057 1571 1262 1616 ὠδίνουσα
1285 1569 1500 1626 Ἑκηβόλον
1527 1575 1633 1614 ἵκετο
1662 1571 1794 1626 Λητώ,

795 1647 931 1690 τάων
959 1653 999 1690 εἴ
1020 1652 1079 1698 τίς
1107 1650 1149 1689 οἱ
1171 1650 1253 1689 υἱεῖ
1275 1648 1390 1689 θέλοι
1418 1650 1523 1688 οἰκία
1547 1649 1710 1688 θέσθαι.

522 1728 611 1767 Jam
638 1726 895 1778 sequebantur
922 1727 1066 1765 caeteri
1102 1739 1234 1765 versus
1261 1725 1466 1771 47-132,
1504 1728 1588 1763 tum
1615 1724 1811 1775 discerpta
1846 1728 1886 1763 et
1912 1724 2076 1775 disjecta
2112 1727 2252 1776 poia’tae
2281 1727 2452 1764 membr-a

416 1800 664 1854 probabiliter
693 1800 765 1842 hoc
791 1800 902 1841 modo
929 1799 1108 1852 colligere
1135 1803 1175 1840 et
1201 1811 1427 1850 componere
1454 1797 1565 1838 licet:

681 1876 756 1915 113
849 1870 903 1921 ὥς
929 1870 1052 1913 εἰπών
1080 1873 1290 1925 ἐβίβασκεν
1319 1872 1384 1911 ἐπὶ
1411 1869 1562 1924 χθονὸς
1591 1869 1823 1925 εὐρυοδείης

798 1951 945 1999 Φοῖβος
972 1944 1240 1999 ἀκερσεκόμης
1267 1944 1517 1998 ἑκατηβόλος·
1546 1950 1590 1986 αἳ
1615 1944 1648 1986 δ’
1679 1943 1757 1998 ἄρα
1786 1947 1909 1986 πᾶσαι

795 2019 977 2073 θάμβεον
1004 2017 1218 2061 ἀθάναται·
1246 2021 1384 2075 χρυσῷ
1411 2017 1447 2061 δ’
1476 2018 1555 2071 ἄρα
1583 2021 1717 2072 Δῆλος
1745 2017 1881 2061 ἅπασα

679 2097 753 2139 139
794 2091 952 2149 ἤνθησ),
980 2090 1034 2145 ὦς
1061 2090 1127 2137 ὅτε
1152 2094 1199 2137 τέ
1224 2095 1314 2149 ῥίον
1342 2090 1484 2149 οὔρεος
1511 2091 1684 2136 ἅνθεσιν
1710 2089 1817 2147 ὕλης.

797 2166 948 2218 αὐτὸς
975 2167 1024 2222 δ”,-
1051 2166 1293 2223 άργυρότοξε
1320 2167 1434 2222 ἄναξ,
1465 2165 1664 2221 ἑκατηβόλ’
1683 2166 1897 2222 Ἄπολλον,

797 2242 935 2286 ἄλλοτε
961 2244 1035 2297 μέν
1060 2241 1091 2285 τ’
1120 2244 1185 2285 ἐπὶ
1211 2242 1388 2285 Κύνθου
1416 2242 1562 2297 ἐβήσαο
1590 2241 1892 2296 παιπαλόεντος,

800 2317 937 2360 ἄλλοτε
964 2316 997 2359 δ’
1026 2311 1078 2358 αὖ
1104 2317 1227 2370 νηούς
1253 2334 1297 2359 τε
1323 2320 1389 2359 καὶ
1417 2316 1562 2378 ἀνέρας
1588 2315 1812 2368 ἠλάσκαζες.

683 2398 757 2436 143
851 2397 991 2435 πολλοί
1013 2408 1073 2434 τοι
1099 2397 1193 2444 νηοί
1214 2409 1256 2433 τε
1284 2394 1350 2433 καὶ
1377 2390 1500 2432 ἄλσεα
1528 2391 1774 2444 δενδρήεντα

705 2473 753 2511 21
796 2466 895 2521 ἠμὲν
923 2465 982 2508 ἀν’
1011 2465 1178 2519 ἤπειρον
1205 2463 1479 2518 πορτιτρόφον
1506 2462 1567 2518 ἠδ’
1596 2463 1676 2507 ἀνά
1704 2465 1876 2518 νήσους·

573 2546 759 2585 22:144
799 2544 922 2584 πᾶσαι
949 2541 994 2583 δὲ
1021 2545 1183 2582 σκοπιαί
1204 2555 1246 2581 τε
1275 2544 1388 2592 φίλαι
1415 2539 1481 2580 καὶ
1508 2537 1689 2592 πρώονες
1717 2538 1834 2592 ἄκροι

572 2620 756 2660 23=145
795 2615 962 2670 ὑψηλῶν
988 2613 1115 2670 ὀρέων
1142 2618 1316 2668 ποταμοί
1338 2611 1378 2656 θ’
1409 2610 1532 2656 ἅλαδε
1560 2614 1812 2668 προρέοντες,

706 2695 759 2735 24
798 2690 918 2733 άκταί
938 2689 969 2732 τ’
998 2694 1052 2739 εἰς
1078 2687 1153 2732 ἅλα
1180 2690 1407 2742 κεκλιμέναι
1434 2691 1588 2742 λιμένες
1615 2705 1658 2731 τε
1686 2689 1904 2743 θαλάσσης·

705 2769 756 2810 32
797 2767 917 2820 Αἰγαὶ
943 2769 1147 2819 Πειρεσίαι
1172 2781 1215 2808 τε
1242 2765 1310 2808 καὶ
1336 2762 1501 2818 ἀγχιάλη
1528 2763 1787 2819 Πεπάρηθος,

800 2839 986 2895 Θρηίκιός
1011 2838 1041 2884 τ’
1065 2838 1218 2890 Ἀθόως
1244 2840 1310 2882 καὶ
1335 2843 1491 2893 Πηλίου
1518 2837 1623 2893 ἄκρα
1650 2838 1817 2894 κάρηνα,

706 2919 758 2956 35
798 2918 959 2969 Σκῦρος
985 2918 1052 2957 καὶ
1080 2915 1245 2976 Φῶπαια
1271 2917 1337 2956 καὶ
1360 2912 1601 2967 Ἀκροκάνης
1628 2914 1723 2968 ὅρος
1750 2915 1861 2966 αἰπύ,
